@ARTICLE{1727RSPT...35..637B,
       author = {{Bradley}, James},
        title = "{A Letter from the Reverend Mr. James Bradley Savilian Professor of Astronomy at Oxford, and F.R.S. to Dr.Edmond Halley Astronom. Reg. \&c. Giving an Account of a New Discovered Motion of the Fix'd Stars.}",
      journal = {Philosophical Transactions of the Royal Society of London Series I},
         year = 1727,
        month = jan,
       volume = {35},
        pages = {637--661},
       adsurl = {https://ui.adsabs.harvard.edu/abs/1727RSPT...35..637B},
      adsnote = {Provided by the SAO/NASA Astrophysics Data System}
}

@BOOK{1837sdmm.book.....S,
       author = {{Struve}, F.~G.~W.},
        title = "{Stellarum duplicium et multiplicium mensurae micrometricae per magnum Fraunhoferi tubum annis a 1824 ad 1837 in Specula Dorpatensi institutae...}",
         year = 1837,
       adsurl = {https://ui.adsabs.harvard.edu/abs/1837sdmm.book.....S},
      adsnote = {Provided by the SAO/NASA Astrophysics Data System}
}

@ARTICLE{1838MNRAS...4..152B,
       author = {{Bessel}, F.~W.},
        title = "{On the parallax of 61 Cygni}",
      journal = {\mnras},
         year = 1838,
        month = nov,
       volume = {4},
        pages = {152--161},
          doi = {10.1093/mnras/4.17.152},
       adsurl = {https://ui.adsabs.harvard.edu/abs/1838MNRAS...4..152B},
      adsnote = {Provided by the SAO/NASA Astrophysics Data System},
         note ={\adspdf{1838MNRAS...4..152B}}
}

@ARTICLE{1839MNRAS...4..168H,
       author = {{Henderson}, T.},
        title = "{On the parallax of {\ensuremath{\alpha}} Centauri}",
      journal = {\mnras},
         year = 1839,
        month = jan,
       volume = {4},
        pages = {168},
          doi = {10.1093/mnras/4.19.168},
       adsurl = {https://ui.adsabs.harvard.edu/abs/1839MNRAS...4..168H},
      adsnote = {Provided by the SAO/NASA Astrophysics Data System},
         note = {\adspdf{1839MNRAS...4..168H}}
}

@ARTICLE{1840AN.....17..177V,
       author = {{von Struve}, Otto Wilhelm},
        title = "{{\"U}ber die Parallaxe des Sterns {\ensuremath{\alpha}} Lyrae nach Micrometermessungen am gro{\ss}en Refractor der Dorpater Sternwarte.}",
      journal = {Astronomische Nachrichten},
         year = 1840,
        month = mar,
       volume = {17},
       number = {12},
        pages = {177},
          doi = {10.1002/asna.18400171202},
       adsurl = {https://ui.adsabs.harvard.edu/abs/1840AN.....17..177V},
      adsnote = {Provided by the SAO/NASA Astrophysics Data System},
         note = {\adspdf{1840AN.....17..177V}}
}

@ARTICLE{1856MNRAS..17...12P,
       author = {{Pogson}, Norman},
        title = "{Magnitudes of Thirty-six of the Minor Planets for the first day of each month of the year 1857}",
      journal = {\mnras},
         year = 1856,
        month = nov,
       volume = {17},
        pages = {12-15},
          doi = {10.1093/mnras/17.1.12},
       adsurl = {https://ui.adsabs.harvard.edu/abs/1856MNRAS..17...12P},
      adsnote = {Provided by the SAO/NASA Astrophysics Data System},
         note = {\adspdf{1856MNRAS..17...12P}}
}

@ARTICLE{1908AnHar..60...87L,
       author = {{Leavitt}, Henrietta S.},
        title = "{1777 variables in the Magellanic Clouds}",
      journal = {Annals of Harvard College Observatory},
         year = 1908,
        month = jan,
       volume = {60},
        pages = {87--108.3},
       adsurl = {https://ui.adsabs.harvard.edu/abs/1908AnHar..60...87L},
      adsnote = {Provided by the SAO/NASA Astrophysics Data System},
         note = {\adspdf{1908AnHar..60...87L}}
}

@ARTICLE{1912HarCi.173....1L,
       author = {{Leavitt}, Henrietta S. and {Pickering}, Edward C.},
        title = "{Periods of 25 Variable Stars in the Small Magellanic Cloud.}",
      journal = {Harvard College Observatory Circular},
         year = 1912,
        month = mar,
       volume = {173},
        pages = {1-3},
       adsurl = {https://ui.adsabs.harvard.edu/abs/1912HarCi.173....1L},
      adsnote = {Provided by the SAO/NASA Astrophysics Data System},
         note = {\adspdf{1912HarCi.173....1L}}
}

@article{Hess:1912srp,
    author = "Hess, Victor F.",
    title = {{\"Uber Beobachtungen der durchdringenden Strahlung bei sieben Freiballonfahrten}},
    journal = "Phys. Z.",
    volume = "13",
    pages = "1084--1091",
    year = "1912"
}

@ARTICLE{1912NCim....3...93P,
       author = {{Pacini}, D.},
        title = "{La radiazione penetrante alla superficie ed in seno alle acque}",
      journal = {Il Nuovo Cimento},
     keywords = {Physics - History and Philosophy of Physics, Astrophysics - High Energy Astrophysical Phenomena, Astrophysics - Instrumentation and Methods for Astrophysics},
         year = 1912,
        month = dec,
       volume = {3},
       number = {1},
        pages = {93-100},
          doi = {10.1007/BF02957440},
archivePrefix = {arXiv},
       eprint = {1002.1810},
 primaryClass = {physics.hist-ph},
       adsurl = {https://ui.adsabs.harvard.edu/abs/1912NCim....3...93P},
      adsnote = {Provided by the SAO/NASA Astrophysics Data System}
}

@ARTICLE{1925PNAS...11..382A,
       author = {{Adams}, Walter S.},
        title = "{The Relativity Displacement of the Spectral Lines in the Companion of Sirius}",
      journal = {Proceedings of the National Academy of Science},
         year = 1925,
        month = jul,
       volume = {11},
       number = {7},
        pages = {382-387},
          doi = {10.1073/pnas.11.7.382},
       adsurl = {https://ui.adsabs.harvard.edu/abs/1925PNAS...11..382A},
      adsnote = {Provided by the SAO/NASA Astrophysics Data System},
         note = {\adspdf{1925PNAS...11..382A}}
}

@ARTICLE{1926MNRAS..87..114F,
       author = {{Fowler}, R.~H.},
        title = "{On dense matter}",
      journal = {\mnras},
         year = 1926,
        month = dec,
       volume = {87},
        pages = {114-122},
          doi = {10.1093/mnras/87.2.114},
       adsurl = {https://ui.adsabs.harvard.edu/abs/1926MNRAS..87..114F},
      adsnote = {Provided by the SAO/NASA Astrophysics Data System},
         note = {\adspdf{1926MNRAS..87..114F}}
}

@BOOK{1927stat.book.....E,
       author = {{Eddington}, Arthur Stanley},
        title = "{Stars and atoms}",
         year = 1927,
       adsurl = {https://ui.adsabs.harvard.edu/abs/1927stat.book.....E},
      adsnote = {Provided by the SAO/NASA Astrophysics Data System}
}

@ARTICLE{1929Stoner,
       author = {{Stoner}, Edmund},
        title = "{The Limiting Sensity in White Dwarf Stars}",
      journal = {Philosophical Magazine},
         year = 1929,
       volume = {7},
        pages = {63}
}

@ARTICLE{1929ZPhy...56..851A,
       author = {{Anderson}, Wilhelm},
        title = "{{\"U}ber die Grenzdichte der Materie und der Energie}",
      journal = {Zeitschrift fur Physik},
         year = 1929,
        month = nov,
       volume = {56},
       number = {11--12},
        pages = {851--856},
          doi = {10.1007/BF01340146},
       adsurl = {https://ui.adsabs.harvard.edu/abs/1929ZPhy...56..851A},
      adsnote = {Provided by the SAO/NASA Astrophysics Data System},
         note = {\adspdf{1929ZPhy...56..851A}}
}

@ARTICLE{1929PNAS...15..168H,
       author = {{Hubble}, Edwin},
        title = "{A Relation between Distance and Radial Velocity among Extra-Galactic Nebulae}",
      journal = {Proceedings of the National Academy of Science},
         year = 1929,
        month = mar,
       volume = {15},
       number = {3},
        pages = {168--173},
          doi = {10.1073/pnas.15.3.168},
       adsurl = {https://ui.adsabs.harvard.edu/abs/1929PNAS...15..168H},
      adsnote = {Provided by the SAO/NASA Astrophysics Data System},
         note = {\adspdf{1929PNAS...15..168H}}
}

@ARTICLE{1930LEDPM...9..944S,
       author = {{Stoner}, Edmund},
        title = "{The Equilibrium of Dense Stars}",
      journal = {The London},
         year = 1930,
        month = jan,
       volume = {9},
       number = {60},
        pages = {944--963},
       adsurl = {https://ui.adsabs.harvard.edu/abs/1930LEDPM...9..944S},
      adsnote = {Provided by the SAO/NASA Astrophysics Data System},
         note = {\adspdf{1930LEDPM...9..944S}}
}

@ARTICLE{1931MNRAS..91..456C,
       author = {{Chandrasekhar}, S.},
        title = "{The highly collapsed configurations of a stellar mass}",
      journal = {\mnras},
         year = 1931,
        month = mar,
       volume = {91},
        pages = {456-466},
          doi = {10.1093/mnras/91.5.456},
       adsurl = {https://ui.adsabs.harvard.edu/abs/1931MNRAS..91..456C},
      adsnote = {Provided by the SAO/NASA Astrophysics Data System},
         note = {\adspdf{1931MNRAS..91..456C}}
}

@ARTICLE{1931ApJ....74...81C,
       author = {{Chandrasekhar}, S.},
        title = "{The Maximum Mass of Ideal White Dwarfs}",
      journal = {\apj},
         year = 1931,
        month = jul,
       volume = {74},
        pages = {81},
          doi = {10.1086/143324},
       adsurl = {https://ui.adsabs.harvard.edu/abs/1931ApJ....74...81C},
      adsnote = {Provided by the SAO/NASA Astrophysics Data System},
         note = {\adspdf{1931ApJ....74...81C}}
}

@ARTICLE{1932PhyZS...1..285L,
       author = {{Landau}, L.~D.},
        title = "{To the Stars theory}",
      journal = {Phys. Zs. Sowjet},
     keywords = {STARS, FERMI STATISTICS, EMDEN's POLITROPES, EQUILIBRIUM, GRAVITATIONAL COLLAPSE, CRITICAL MASS   From: Aleksey A. Shlyapnikov Address: aas@crao.crimea.ua Database: ast},
         year = 1932,
        month = dec,
       volume = {1},
        pages = {285},
       adsurl = {https://ui.adsabs.harvard.edu/abs/1932PhyZS...1..285L},
      adsnote = {Provided by the SAO/NASA Astrophysics Data System}
}

@ARTICLE{1933AcHPh...6..110Z,
       author = {{Zwicky}, F.},
        title = "{Die Rotverschiebung von extragalaktischen Nebeln}",
      journal = {Helvetica Physica Acta},
         year = 1933,
        month = jan,
       volume = {6},
        pages = {110-127},
       adsurl = {https://ui.adsabs.harvard.edu/abs/1933AcHPh...6..110Z},
      adsnote = {Provided by the SAO/NASA Astrophysics Data System},
         note = {\adspdf{1933AcHPh...6..110Z}}
}

@ARTICLE{1934PNAS...20..259B,
       author = {{Baade}, W. and {Zwicky}, F.},
        title = "{Cosmic Rays from Super-novae}",
      journal = {Proceedings of the National Academy of Science},
         year = 1934,
        month = may,
       volume = {20},
       number = {5},
        pages = {259-263},
          doi = {10.1073/pnas.20.5.259},
       adsurl = {https://ui.adsabs.harvard.edu/abs/1934PNAS...20..259B},
      adsnote = {Provided by the SAO/NASA Astrophysics Data System}
}

@ARTICLE{1935MNRAS..95..207C,
       author = {{Chandrasekhar}, S.},
        title = "{The highly collapsed configurations of a stellar mass (Second paper)}",
      journal = {\mnras},
         year = 1935,
        month = jan,
       volume = {95},
        pages = {207-225},
          doi = {10.1093/mnras/95.3.207},
       adsurl = {https://ui.adsabs.harvard.edu/abs/1935MNRAS..95..207C},
      adsnote = {Provided by the SAO/NASA Astrophysics Data System},
         note = {\adspdf{1935MNRAS..95..207C}}
}

@ARTICLE{1939PhRv...55..364T,
       author = {{Tolman}, Richard C.},
        title = "{Static Solutions of Einstein's Field Equations for Spheres of Fluid}",
      journal = {Physical Review},
         year = 1939,
        month = feb,
       volume = {55},
       number = {4},
        pages = {364-373},
          doi = {10.1103/PhysRev.55.364},
       adsurl = {https://ui.adsabs.harvard.edu/abs/1939PhRv...55..364T},
      adsnote = {Provided by the SAO/NASA Astrophysics Data System}
}

@ARTICLE{1939PhRv...55..374O,
       author = {{Oppenheimer}, J.~R. and {Volkoff}, G.~M.},
        title = "{On Massive Neutron Cores}",
      journal = {Physical Review},
         year = 1939,
        month = feb,
       volume = {55},
       number = {4},
        pages = {374-381},
          doi = {10.1103/PhysRev.55.374},
       adsurl = {https://ui.adsabs.harvard.edu/abs/1939PhRv...55..374O},
      adsnote = {Provided by the SAO/NASA Astrophysics Data System}
}

@ARTICLE{1946PontecorvoInvBeta,
       author = {{Pontecorvo}, Bruno},
        title = "{Inverse Beta-Process Report}",
      journal = {National Research Council of Canada Chalk River Report},
         year = 1946,
       number = {PD-205},
        pages = {1169-1174}
}

@ARTICLE{1949PhRv...75.1169F,
       author = {{Fermi}, Enrico},
        title = "{On the Origin of the Cosmic Radiation}",
      journal = {Physical Review},
         year = 1949,
        month = apr,
       volume = {75},
       number = {8},
        pages = {1169-1174},
          doi = {10.1103/PhysRev.75.1169},
       adsurl = {https://ui.adsabs.harvard.edu/abs/1949PhRv...75.1169F},
      adsnote = {Provided by the SAO/NASA Astrophysics Data System}
}

@book{rossi1964cosmic,
  title={Cosmic Rays},
  author={Rossi, B.},
  lccn={64017570},
  series={McGraw-Hill paperbacks in physics},
  url={https://books.google.it/books?id=K6kRAQAAIAAJ},
  year={1964},
  publisher={McGraw-Hill}
}

@ARTICLE{1967Natur.216..567P,
       author = {{Pacini}, F.},
        title = "{Energy Emission from a Neutron Star}",
      journal = {\nat},
         year = 1967,
        month = nov,
       volume = {216},
       number = {5115},
        pages = {567-568},
          doi = {10.1038/216567a0},
       adsurl = {https://ui.adsabs.harvard.edu/abs/1967Natur.216..567P},
      adsnote = {Provided by the SAO/NASA Astrophysics Data System}
}

@ARTICLE{1968PhRvL..20.1205D,
       author = {{Davis}, Raymond and {Harmer}, Don S. and {Hoffman}, Kenneth C.},
        title = "{Search for Neutrinos from the Sun}",
      journal = {\prl},
         year = 1968,
        month = may,
       volume = {20},
       number = {21},
        pages = {1205-1209},
          doi = {10.1103/PhysRevLett.20.1205},
       adsurl = {https://ui.adsabs.harvard.edu/abs/1968PhRvL..20.1205D},
      adsnote = {Provided by the SAO/NASA Astrophysics Data System}
}

@article{1968Natur.217..709H,
author = {Hewish, A.R. and BELL, S. and PILKINGTON, J. and Scott, P. and COLLINS, R.},
year = {1968},
month = {02},
pages = {},
title = {Observation of a Rapidly Pulsating Radio Source},
volume = {217},
isbn = {978-1-4899-6191-4},
journal = {Nature},
doi = {10.1038/217709a0}
}

@ARTICLE{1975JRASC..69..222F,
       author = {{Fernie}, J.~D.},
        title = "{The Historical Search for Stellar Parallax}",
      journal = {\jrasc},
         year = 1975,
        month = oct,
       volume = {69},
        pages = {222},
       adsurl = {https://ui.adsabs.harvard.edu/abs/1975JRASC..69..222F},
      adsnote = {Provided by the SAO/NASA Astrophysics Data System},
         note = {\adspdf{1975JRASC..69..222F}}
}

@ARTICLE{1978MNRAS.182..147B,
       author = {{Bell}, A.~R.},
        title = "{The acceleration of cosmic rays in shock fronts - I.}",
      journal = {\mnras},
     keywords = {Cosmic Rays, Particle Acceleration, Relativistic Particles, Shock Fronts, Electrostatic Waves, Energy Spectra, Galactic Radiation, Magnetohydrodynamic Waves, Oblique Shock Waves, Shock Wave Propagation, Space Radiation, Cosmic Rays:Energy Spectra, Cosmic Rays:Galaxy, Cosmic Rays:Shock Waves},
         year = 1978,
        month = jan,
       volume = {182},
        pages = {147-156},
          doi = {10.1093/mnras/182.2.147},
       adsurl = {https://ui.adsabs.harvard.edu/abs/1978MNRAS.182..147B},
      adsnote = {Provided by the SAO/NASA Astrophysics Data System}
}

@ARTICLE{1984ARA&A..22..425H,
       author = {{Hillas}, A.~M.},
        title = "{The Origin of Ultra-High-Energy Cosmic Rays}",
      journal = {\araa},
         year = 1984,
        month = jan,
       volume = {22},
        pages = {425-444},
          doi = {10.1146/annurev.aa.22.090184.002233},
       adsurl = {https://ui.adsabs.harvard.edu/abs/1984ARA&A..22..425H},
      adsnote = {Provided by the SAO/NASA Astrophysics Data System}
}

@ARTICLE{1988RvMP...60..297B,
       author = {{Bahcall}, John N. and {Ulrich}, Roger K.},
        title = "{Solar models, neutrino experiments, and helioseismology}",
      journal = {Reviews of Modern Physics},
     keywords = {Helioseismology, Solar Neutrinos, Stellar Models, Sun, Absorption Cross Sections, Computational Astrophysics, Monte Carlo Method, P Waves, Solar Spectra, Solar Physics},
         year = 1988,
        month = apr,
       volume = {60},
       number = {2},
        pages = {297-372},
          doi = {10.1103/RevModPhys.60.297},
       adsurl = {https://ui.adsabs.harvard.edu/abs/1988RvMP...60..297B},
      adsnote = {Provided by the SAO/NASA Astrophysics Data System}
}

@ARTICLE{1999PhLB..447..127H,
       author = {{GALLEX Collaboration} and {Hampel}, W. and {Handt}, J. and {Heusser}, G. and {Kiko}, J. and {Kirsten}, T. and {Laubenstein}, M. and {Pernicka}, E. and {Rau}, W. and {Wojcik}, M. and {Zakharov}, Y. and {Ammon}, R.~V. and {Ebert}, K.~H. and {Fritsch}, T. and {Heidt}, D. and {Henrich}, E. and {Stielglitz}, L. and {Weirich}, F. and {Balata}, M. and {Sann}, M. and {Hartmann}, F.~X. and {Bellotti}, E. and {Cattadori}, C. and {Cremonesi}, O. and {Ferrari}, N. and {Fiorini}, E. and {Zanotti}, L. and {Altmann}, M. and {Feilitzsch}, F.~V. and {M{\"o}{\ss}bauer}, R. and {W{\"a}nninger}, S. and {Berthomieu}, G. and {Schatzman}, E. and {Carmi}, I. and {Dostrovsky}, I. and {Bacci}, C. and {Belli}, P. and {Bernabei}, R. and {D'Angelo}, S. and {Paoluzi}, L. and {Cribier}, M. and {Rich}, J. and {Spiro}, M. and {Tao}, C. and {Vignaud}, D. and {Boger}, J. and {Hahn}, R.~L. and {Rowley}, J.~K. and {Stoenner}, R.~W. and {Weneser}, J.},
        title = "{GALLEX solar neutrino observations: results for GALLEX IV}",
      journal = {Physics Letters B},
     keywords = {Solar Neutrinos: Detection},
         year = 1999,
        month = feb,
       volume = {447},
       number = {1-2},
        pages = {127-133},
          doi = {10.1016/S0370-2693(98)01579-2},
       adsurl = {https://ui.adsabs.harvard.edu/abs/1999PhLB..447..127H},
      adsnote = {Provided by the SAO/NASA Astrophysics Data System}
}

@ARTICLE{1999PhRvL..83.4686A,
       author = {{Abdurashitov}, J.~N. and {Bowles}, T.~J. and {Cherry}, M.~L. and {Cleveland}, B.~T. and {Davis}, R. and {Elliott}, S.~R. and {Gavrin}, V.~N. and {Girin}, S.~V. and {Gorbachev}, V.~V. and {Ibragimova}, T.~V. and {Kalikhov}, A.~V. and {Khairnasov}, N.~G. and {Knodel}, T.~V. and {Lande}, K. and {Mirmov}, I.~N. and {Nico}, J.~S. and {Shikhin}, A.~A. and {Teasdale}, W.~A. and {Veretenkin}, E.~P. and {Vermul}, V.~M. and {Wark}, D.~L. and {Wildenhain}, P.~S. and {Wilkerson}, J.~F. and {Yants}, V.~E. and {Zatsepin}, G.~T.},
        title = "{Measurement of the Solar Neutrino Capture Rate by SAGE and Implications for Neutrino Oscillations in Vacuum}",
      journal = {\prl},
     keywords = {Astrophysics, High Energy Physics - Experiment, High Energy Physics - Phenomenology, Nuclear Experiment},
         year = 1999,
        month = dec,
       volume = {83},
       number = {23},
        pages = {4686-4689},
          doi = {10.1103/PhysRevLett.83.4686},
archivePrefix = {arXiv},
       eprint = {astro-ph/9907131},
 primaryClass = {astro-ph},
       adsurl = {https://ui.adsabs.harvard.edu/abs/1999PhRvL..83.4686A},
      adsnote = {Provided by the SAO/NASA Astrophysics Data System}
}

@ARTICLE{2001_carrol,
       author = {Carrol, S. M.},
        title = "{The Cosmological Constant}",
      journal = {Living Rev. Relativ.},
         year = 2001,
       volume = {4},
       number = {1},
          doi = {https://doi.org/10.12942/lrr-2001-1},
}

@ARTICLE{2001PhRvL..86.5656F,
       author = {{Fukuda}, S. and {Fukuda}, Y. and {Ishitsuka}, M. and {Itow}, Y. and {Kajita}, T. and {Kameda}, J. and {Kaneyuki}, K. and {Kobayashi}, K. and {Koshio}, Y. and {Miura}, M. and {Moriyama}, S. and {Nakahata}, M. and {Nakayama}, S. and {Okada}, A. and {Sakurai}, N. and {Shiozawa}, M. and {Suzuki}, Y. and {Takeuchi}, H. and {Takeuchi}, Y. and {Toshito}, T. and {Totsuka}, Y. and {Yamada}, S. and {Desai}, S. and {Earl}, M. and {Kearns}, E. and {Messier}, M.~D. and {Scholberg}, K. and {Stone}, J.~L. and {Sulak}, L.~R. and {Walter}, C.~W. and {Goldhaber}, M. and {Barszczak}, T. and {Casper}, D. and {Gajewski}, W. and {Kropp}, W.~R. and {Mine}, S. and {Liu}, D.~W. and {Price}, L.~R. and {Smy}, M.~B. and {Sobel}, H.~W. and {Vagins}, M.~R. and {Ganezer}, K.~S. and {Keig}, W.~E. and {Ellsworth}, R.~W. and {Tasaka}, S. and {Kibayashi}, A. and {Learned}, J.~G. and {Matsuno}, S. and {Takemori}, D. and {Hayato}, Y. and {Ishii}, T. and {Kobayashi}, T. and {Nakamura}, K. and {Obayashi}, Y. and {Oyama}, Y. and {Sakai}, A. and {Sakuda}, M. and {Kohama}, M. and {Suzuki}, A.~T. and {Inagaki}, T. and {Nakaya}, T. and {Nishikawa}, K. and {Haines}, T.~J. and {Blaufuss}, E. and {Dazeley}, S. and {Lee}, K.~B. and {Svoboda}, R. and {Goodman}, J.~A. and {Guillian}, G. and {Sullivan}, G.~W. and {Turcan}, D. and {Habig}, A. and {Hill}, J. and {Jung}, C.~K. and {Martens}, K. and {Malek}, M. and {Mauger}, C. and {McGrew}, C. and {Sharkey}, E. and {Viren}, B. and {Yanagisawa}, C. and {Mitsuda}, C. and {Miyano}, K. and {Saji}, C. and {Shibata}, T. and {Kajiyama}, Y. and {Nagashima}, Y. and {Nitta}, K. and {Takita}, M. and {Yoshida}, M. and {Kim}, H.~I. and {Kim}, S.~B. and {Yoo}, J. and {Okazawa}, H. and {Ishizuka}, T. and {Etoh}, M. and {Gando}, Y. and {Hasegawa}, T. and {Inoue}, K. and {Ishihara}, K. and {Maruyama}, T. and {Shirai}, J. and {Suzuki}, A. and {Koshiba}, M. and {Hatakeyama}, Y. and {Ichikawa}, Y. and {Koike}, M. and {Nishijima}, K. and {Fujiyasu}, H. and {Ishino}, H. and {Morii}, M. and {Watanabe}, Y. and {Golebiewska}, U. and {Kielczewska}, D. and {Boyd}, S.~C. and {Stachyra}, A.~L. and {Wilkes}, R.~J. and {Young}, K.~K.},
        title = "{Constraints on Neutrino Oscillations Using 1258 Days of Super-Kamiokande Solar Neutrino Data}",
      journal = {\prl},
     keywords = {High Energy Physics - Experiment},
         year = 2001,
        month = jun,
       volume = {86},
       number = {25},
        pages = {5656-5660},
          doi = {10.1103/PhysRevLett.86.5656},
archivePrefix = {arXiv},
       eprint = {hep-ex/0103033},
 primaryClass = {hep-ex},
       adsurl = {https://ui.adsabs.harvard.edu/abs/2001PhRvL..86.5656F},
      adsnote = {Provided by the SAO/NASA Astrophysics Data System}
}

@ARTICLE{2009GReGr..41..207Z,
       author = {{Zwicky}, F.},
        title = "{Republication of: The redshift of extragalactic nebulae}",
      journal = {General Relativity and Gravitation},
     keywords = {Galaxy clusters, Cosmology, Galaxies, Coma Cluster, Dark Matter},
         year = 2009,
        month = jan,
       volume = {41},
       number = {1},
        pages = {207--224},
          doi = {10.1007/s10714-008-0707-4},
       adsurl = {https://ui.adsabs.harvard.edu/abs/2009GReGr..41..207Z},
      adsnote = {Provided by the SAO/NASA Astrophysics Data System},
         note = {\adspdf{2009GReGr..41..207Z}}
}

@ARTICLE{1996ApJ...469..355F,
       author = {{Flower}, Phillip J.},
        title = "{Transformations from Theoretical Hertzsprung-Russell Diagrams to Color-Magnitude Diagrams: Effective Temperatures, B-V Colors, and Bolometric Corrections}",
      journal = {\apj},
     keywords = {STARS: ATMOSPHERES, STARS: EARLY-TYPE, STARS: FUNDAMENTAL PARAMETERS, STARS: LATE-TYPE, STARS: SUPERGIANTS, STARS: HERTZSPRUNG-RUSSELL DIAGRAM},
         year = 1996,
        month = sep,
       volume = {469},
        pages = {355},
          doi = {10.1086/177785},
       adsurl = {https://ui.adsabs.harvard.edu/abs/1996ApJ...469..355F},
      adsnote = {Provided by the SAO/NASA Astrophysics Data System},
         note = {\adspdf{1996ApJ...469..355F}}
}

@ARTICLE{1998JRASC..92...36R,
       author = {{Reed}, B. Cameron},
        title = "{The Composite Observational-Theoretical HR Diagram}",
      journal = {\jrasc},
         year = 1998,
        month = feb,
       volume = {92},
        pages = {36},
       adsurl = {https://ui.adsabs.harvard.edu/abs/1998JRASC..92...36R},
      adsnote = {Provided by the SAO/NASA Astrophysics Data System},
         note = {\adspdf{1998JRASC..92...36R}}
}

@ARTICLE{1998ApJ...496..505C,
       author = {{Cleveland}, Bruce T. and {Daily}, Timothy and {Davis}, Raymond, Jr. and {Distel}, James R. and {Lande}, Kenneth and {Lee}, C.~K. and {Wildenhain}, Paul S. and {Ullman}, Jack},
        title = "{Measurement of the Solar Electron Neutrino Flux with the Homestake Chlorine Detector}",
      journal = {\apj},
     keywords = {ELEMENTARY PARTICLES, SUN: INTERIOR, SUN: PARTICLE EMISSION, Elementary Particles, Sun: Interior, Sun: Particle Emission},
         year = 1998,
        month = mar,
       volume = {496},
       number = {1},
        pages = {505-526},
          doi = {10.1086/305343},
       adsurl = {https://ui.adsabs.harvard.edu/abs/1998ApJ...496..505C},
      adsnote = {Provided by the SAO/NASA Astrophysics Data System}
}

@ARTICLE{1999astro.ph..5116H,
       author = {{Hogg}, David W.},
        title = "{Distance measures in cosmology}",
      journal = {arXiv e-prints},
     keywords = {Astrophysics},
         year = 1999,
        month = may,
          eid = {astro-ph/9905116},
        pages = {astro-ph/9905116},
          doi = {10.48550/arXiv.astro-ph/9905116},
archivePrefix = {arXiv},
       eprint = {astro-ph/9905116},
 primaryClass = {astro-ph},
       adsurl = {https://ui.adsabs.harvard.edu/abs/1999astro.ph..5116H},
      adsnote = {Provided by the SAO/NASA Astrophysics Data System},
         note = {\adspdf{1999astro.ph..5116H}}
}

@ARTICLE{2001JAHH....4...15H,
       author = {{Hughes}, David W.},
        title = "{Six stages in the history of the astronomical unit}",
      journal = {Journal of Astronomical History and Heritage},
     keywords = {astronomical unit},
         year = 2001,
        month = jun,
       volume = {4},
       number = {1},
        pages = {15-28},
       adsurl = {https://ui.adsabs.harvard.edu/abs/2001JAHH....4...15H},
      adsnote = {Provided by the SAO/NASA Astrophysics Data System},
         note = {\adspdf{2001JAHH....4...15H}}
}

@ARTICLE{2001ADNDT..78..183G,
       author = {{Groom}, Donald E. and {Mokhov}, Nikolai V. and {Striganov}, Sergei I.},
        title = "{Muon Stopping Power and Range Tables 10 MeV-100 TeV}",
      journal = {Atomic Data and Nuclear Data Tables},
         year = 2001,
        month = jul,
       volume = {78},
       number = {2},
        pages = {183-356},
          doi = {10.1006/adnd.2001.0861},
       adsurl = {https://ui.adsabs.harvard.edu/abs/2001ADNDT..78..183G},
      adsnote = {Provided by the SAO/NASA Astrophysics Data System}
}

@ARTICLE{2003ApJ...591.1220L,
       author = {{Lodders}, Katharina},
        title = "{Solar System Abundances and Condensation Temperatures of the Elements}",
      journal = {\apj},
     keywords = {Astrochemistry, Meteors, Meteoroids, Solar System: Formation- Sun: Abundances, Sun: Photosphere},
         year = 2003,
        month = jul,
       volume = {591},
       number = {2},
        pages = {1220-1247},
          doi = {10.1086/375492},
       adsurl = {https://ui.adsabs.harvard.edu/abs/2003ApJ...591.1220L},
      adsnote = {Provided by the SAO/NASA Astrophysics Data System}
}

@INPROCEEDINGS{2003nipb.conf...15B,
       author = {{Bahcall}, John N.},
        title = "{Solar Models:. AN Historical Overview}",
    booktitle = {Neutrinos and Implications for Physics Beyond the Standard Model},
         year = 2003,
       editor = {{Shrock}, R.},
        month = aug,
        pages = {15},
          doi = {10.1142/9789812704207_0004},
       adsurl = {https://ui.adsabs.harvard.edu/abs/2003nipb.conf...15B},
      adsnote = {Provided by the SAO/NASA Astrophysics Data System}
}

@ARTICLE{2004PhRvL..92r1301A,
       author = {{Ahmed}, S.~N. and {Anthony}, A.~E. and {Beier}, E.~W. and {Bellerive}, A. and {Biller}, S.~D. and {Boger}, J. and {Boulay}, M.~G. and {Bowler}, M.~G. and {Bowles}, T.~J. and {Brice}, S.~J. and {Bullard}, T.~V. and {Chan}, Y.~D. and {Chen}, M. and {Chen}, X. and {Cleveland}, B.~T. and {Cox}, G.~A. and {Dai}, X. and {Dalnoki-Veress}, F. and {Doe}, P.~J. and {Dosanjh}, R.~S. and {Doucas}, G. and {Dragowsky}, M.~R. and {Duba}, C.~A. and {Duncan}, F.~A. and {Dunford}, M. and {Dunmore}, J.~A. and {Earle}, E.~D. and {Elliott}, S.~R. and {Evans}, H.~C. and {Ewan}, G.~T. and {Farine}, J. and {Fergani}, H. and {Fleurot}, F. and {Formaggio}, J.~A. and {Fowler}, M.~M. and {Frame}, K. and {Fulsom}, B.~G. and {Gagnon}, N. and {Graham}, K. and {Grant}, D.~R. and {Hahn}, R.~L. and {Hall}, J.~C. and {Hallin}, A.~L. and {Hallman}, E.~D. and {Hamer}, A.~S. and {Handler}, W.~B. and {Hargrove}, C.~K. and {Harvey}, P.~J. and {Hazama}, R. and {Heeger}, K.~M. and {Heintzelman}, W.~J. and {Heise}, J. and {Helmer}, R.~L. and {Hemingway}, R.~J. and {Hime}, A. and {Howe}, M.~A. and {Jagam}, P. and {Jelley}, N.~A. and {Klein}, J.~R. and {Kos}, M.~S. and {Krumins}, A.~V. and {Kutter}, T. and {Kyba}, C.~C. and {Labranche}, H. and {Lange}, R. and {Law}, J. and {Lawson}, I.~T. and {Lesko}, K.~T. and {Leslie}, J.~R. and {Levine}, I. and {Luoma}, S. and {MacLellan}, R. and {Majerus}, S. and {Mak}, H.~B. and {Maneira}, J. and {Marino}, A.~D. and {McCauley}, N. and {McDonald}, A.~B. and {McGee}, S. and {McGregor}, G. and {Mifflin}, C. and {Miknaitis}, K.~K. and {Miller}, G.~G. and {Moffat}, B.~A. and {Nally}, C.~W. and {Nickel}, B.~G. and {Noble}, A.~J. and {Norman}, E.~B. and {Oblath}, N.~S. and {Okada}, C.~E. and {Ollerhead}, R.~W. and {Orrell}, J.~L. and {Oser}, S.~M. and {Ouellet}, C. and {Peeters}, S.~J. and {Poon}, A.~W. and {Robertson}, B.~C. and {Robertson}, R.~G. and {Rollin}, E. and {Rosendahl}, S.~S. and {Rusu}, V.~L. and {Schwendener}, M.~H. and {Simard}, O. and {Simpson}, J.~J. and {Sims}, C.~J. and {Sinclair}, D. and {Skensved}, P. and {Smith}, M.~W. and {Starinsky}, N. and {Stokstad}, R.~G. and {Stonehill}, L.~C. and {Tafirout}, R. and {Takeuchi}, Y. and {Te{\v{s}}i{\'c}}, G. and {Thomson}, M. and {Thorman}, M. and {van Berg}, R. and {van de Water}, R.~G. and {Virtue}, C.~J. and {Wall}, B.~L. and {Waller}, D. and {Waltham}, C.~E. and {Tseung}, H. Wan and {Wark}, D.~L. and {West}, N. and {Wilhelmy}, J.~B. and {Wilkerson}, J.~F. and {Wilson}, J.~R. and {Wouters}, J.~M. and {Yeh}, M. and {Zuber}, K.},
        title = "{Measurement of the Total Active $^{8}$B Solar Neutrino Flux at the Sudbury Neutrino Observatory with Enhanced Neutral Current Sensitivity}",
      journal = {\prl},
     keywords = {26.65.+t, 14.60.Pq, 95.85.Ry, Solar neutrinos, Neutrino mass and mixing, Neutrino muon pion and other elementary particles, cosmic rays, Nuclear Experiment, High Energy Physics - Experiment},
         year = 2004,
        month = may,
       volume = {92},
       number = {18},
          eid = {181301},
        pages = {181301},
          doi = {10.1103/PhysRevLett.92.181301},
archivePrefix = {arXiv},
       eprint = {nucl-ex/0309004},
 primaryClass = {nucl-ex},
       adsurl = {https://ui.adsabs.harvard.edu/abs/2004PhRvL..92r1301A},
      adsnote = {Provided by the SAO/NASA Astrophysics Data System}
}

@ARTICLE{2005PhRvL..94h1801A,
       author = {{Araki}, T. and {Eguchi}, K. and {Enomoto}, S. and {Furuno}, K. and {Ichimura}, K. and {Ikeda}, H. and {Inoue}, K. and {Ishihara}, K. and {Iwamoto}, T. and {Kawashima}, T. and {Kishimoto}, Y. and {Koga}, M. and {Koseki}, Y. and {Maeda}, T. and {Mitsui}, T. and {Motoki}, M. and {Nakajima}, K. and {Ogawa}, H. and {Owada}, K. and {Ricol}, J. -S. and {Shimizu}, I. and {Shirai}, J. and {Suekane}, F. and {Suzuki}, A. and {Tada}, K. and {Tajima}, O. and {Tamae}, K. and {Tsuda}, Y. and {Watanabe}, H. and {Busenitz}, J. and {Classen}, T. and {Djurcic}, Z. and {Keefer}, G. and {McKinny}, K. and {Mei}, D. -M. and {Piepke}, A. and {Yakushev}, E. and {Berger}, B.~E. and {Chan}, Y.~D. and {Decowski}, M.~P. and {Dwyer}, D.~A. and {Freedman}, S.~J. and {Fu}, Y. and {Fujikawa}, B.~K. and {Goldman}, J. and {Gray}, F. and {Heeger}, K.~M. and {Lesko}, K.~T. and {Luk}, K. -B. and {Murayama}, H. and {Poon}, A.~W. and {Steiner}, H.~M. and {Winslow}, L.~A. and {Horton-Smith}, G.~A. and {Mauger}, C. and {McKeown}, R.~D. and {Vogel}, P. and {Lane}, C.~E. and {Miletic}, T. and {Gorham}, P.~W. and {Guillian}, G. and {Learned}, J.~G. and {Maricic}, J. and {Matsuno}, S. and {Pakvasa}, S. and {Dazeley}, S. and {Hatakeyama}, S. and {Rojas}, A. and {Svoboda}, R. and {Dieterle}, B.~D. and {Detwiler}, J. and {Gratta}, G. and {Ishii}, K. and {Tolich}, N. and {Uchida}, Y. and {Batygov}, M. and {Bugg}, W. and {Efremenko}, Y. and {Kamyshkov}, Y. and {Kozlov}, A. and {Nakamura}, Y. and {Gould}, C.~R. and {Karwowski}, H.~J. and {Markoff}, D.~M. and {Messimore}, J.~A. and {Nakamura}, K. and {Rohm}, R.~M. and {Tornow}, W. and {Wendell}, R. and {Young}, A.~R. and {Chen}, M. -J. and {Wang}, Y. -F. and {Piquemal}, F.},
        title = "{Measurement of Neutrino Oscillation with KamLAND: Evidence of Spectral Distortion}",
      journal = {\prl},
     keywords = {14.60.Pq, 26.65.+t, 28.50.Hw, Neutrino mass and mixing, Solar neutrinos, Power and production reactors, High Energy Physics - Experiment},
         year = 2005,
        month = mar,
       volume = {94},
       number = {8},
          eid = {081801},
        pages = {081801},
          doi = {10.1103/PhysRevLett.94.081801},
archivePrefix = {arXiv},
       eprint = {hep-ex/0406035},
 primaryClass = {hep-ex},
       adsurl = {https://ui.adsabs.harvard.edu/abs/2005PhRvL..94h1801A},
      adsnote = {Provided by the SAO/NASA Astrophysics Data System}
}

@ARTICLE{2005AJ....129.1993M,
       author = {{Manchester}, R.~N. and {Hobbs}, G.~B. and {Teoh}, A. and {Hobbs}, M.},
        title = "{The Australia Telescope National Facility Pulsar Catalogue}",
      journal = {\aj},
     keywords = {Catalogs, Stars: Pulsars: General, Astrophysics},
         year = 2005,
        month = apr,
       volume = {129},
       number = {4},
        pages = {1993-2006},
          doi = {10.1086/428488},
archivePrefix = {arXiv},
       eprint = {astro-ph/0412641},
 primaryClass = {astro-ph},
       adsurl = {https://ui.adsabs.harvard.edu/abs/2005AJ....129.1993M},
      adsnote = {Provided by the SAO/NASA Astrophysics Data System}
}

@ARTICLE{2005ApJ...621L..85B,
       author = {{Bahcall}, John N. and {Serenelli}, Aldo M. and {Basu}, Sarbani},
        title = "{New Solar Opacities, Abundances, Helioseismology, and Neutrino Fluxes}",
      journal = {\apjl},
     keywords = {Atomic Processes, Neutrinos, Nuclear Reactions, Nucleosynthesis, Abundances, Sun: Abundances, Sun: Interior, Astrophysics},
         year = 2005,
        month = mar,
       volume = {621},
       number = {1},
        pages = {L85-L88},
          doi = {10.1086/428929},
archivePrefix = {arXiv},
       eprint = {astro-ph/0412440},
 primaryClass = {astro-ph},
       adsurl = {https://ui.adsabs.harvard.edu/abs/2005ApJ...621L..85B},
      adsnote = {Provided by the SAO/NASA Astrophysics Data System}
}

@ARTICLE{2007A&A...474..653V,
       author = {{van Leeuwen}, F.},
        title = "{Validation of the new Hipparcos reduction}",
      journal = {\aap},
     keywords = {space vehicles: instruments, methods: data analysis, catalogs, astrometry, instrumentation: miscellaneous, Astrophysics},
         year = 2007,
        month = nov,
       volume = {474},
       number = {2},
        pages = {653-664},
          doi = {10.1051/0004-6361:20078357},
archivePrefix = {arXiv},
       eprint = {0708.1752},
 primaryClass = {astro-ph},
       adsurl = {https://ui.adsabs.harvard.edu/abs/2007A&A...474..653V},
      adsnote = {Provided by the SAO/NASA Astrophysics Data System},
         note = {\adspdf{2007A\&A...474..653V}}
}

@ARTICLE{2008JHA....39..297N,
       author = {{Nauenberg}, Michael},
        title = "{Edmund C. Stoner and the Discovery of the Maximum Mass of White Dwarfs}",
      journal = {Journal for the History of Astronomy},
         year = 2008,
        month = aug,
       volume = {39},
        pages = {297-312},
          doi = {10.1177/002182860803900302},
       adsurl = {https://ui.adsabs.harvard.edu/abs/2008JHA....39..297N},
      adsnote = {Provided by the SAO/NASA Astrophysics Data System},
         note = {\adspdf{2008JHA....39..297N}}
}

@ARTICLE{2009JHA....40..137H,
       author = {{Holberg}, J.~B.},
        title = "{The Discovery of the Existence of White Dwarf Stars: 1862 to 1930}",
      journal = {Journal for the History of Astronomy},
         year = 2009,
        month = may,
       volume = {40},
       number = {2},
        pages = {137-154},
          doi = {10.1177/002182860904000201},
       adsurl = {https://ui.adsabs.harvard.edu/abs/2009JHA....40..137H},
      adsnote = {Provided by the SAO/NASA Astrophysics Data System},
         note = {\adspdf{2009JHA....40..137H}}
}

@ARTICLE{2012ApJ...746...85S,
       author = {{Suzuki}, N. and {Rubin}, D. and {Lidman}, C. and {Aldering}, G. and {Amanullah}, R. and {Barbary}, K. and {Barrientos}, L.~F. and {Botyanszki}, J. and {Brodwin}, M. and {Connolly}, N. and {Dawson}, K.~S. and {Dey}, A. and {Doi}, M. and {Donahue}, M. and {Deustua}, S. and {Eisenhardt}, P. and {Ellingson}, E. and {Faccioli}, L. and {Fadeyev}, V. and {Fakhouri}, H.~K. and {Fruchter}, A.~S. and {Gilbank}, D.~G. and {Gladders}, M.~D. and {Goldhaber}, G. and {Gonzalez}, A.~H. and {Goobar}, A. and {Gude}, A. and {Hattori}, T. and {Hoekstra}, H. and {Hsiao}, E. and {Huang}, X. and {Ihara}, Y. and {Jee}, M.~J. and {Johnston}, D. and {Kashikawa}, N. and {Koester}, B. and {Konishi}, K. and {Kowalski}, M. and {Linder}, E.~V. and {Lubin}, L. and {Melbourne}, J. and {Meyers}, J. and {Morokuma}, T. and {Munshi}, F. and {Mullis}, C. and {Oda}, T. and {Panagia}, N. and {Perlmutter}, S. and {Postman}, M. and {Pritchard}, T. and {Rhodes}, J. and {Ripoche}, P. and {Rosati}, P. and {Schlegel}, D.~J. and {Spadafora}, A. and {Stanford}, S.~A. and {Stanishev}, V. and {Stern}, D. and {Strovink}, M. and {Takanashi}, N. and {Tokita}, K. and {Wagner}, M. and {Wang}, L. and {Yasuda}, N. and {Yee}, H.~K.~C. and {Supernova Cosmology Project}, The},
        title = "{The Hubble Space Telescope Cluster Supernova Survey. V. Improving the Dark-energy Constraints above z > 1 and Building an Early-type-hosted Supernova Sample}",
      journal = {\apj},
     keywords = {cosmological parameters, distance scale, supernovae: general, Astrophysics - Cosmology and Extragalactic Astrophysics},
         year = 2012,
        month = feb,
       volume = {746},
       number = {1},
          eid = {85},
        pages = {85},
          doi = {10.1088/0004-637X/746/1/85},
archivePrefix = {arXiv},
       eprint = {1105.3470},
 primaryClass = {astro-ph.CO},
       adsurl = {https://ui.adsabs.harvard.edu/abs/2012ApJ...746...85S},
      adsnote = {Provided by the SAO/NASA Astrophysics Data System}
}

@ARTICLE{2012EL.....9734008B,
       author = {{Ballesteros}, F.~J.},
        title = "{New insights into black bodies}",
      journal = {EPL (Europhysics Letters)},
     keywords = {Astrophysics - Instrumentation and Methods for Astrophysics, Physics - Classical Physics},
         year = 2012,
        month = feb,
       volume = {97},
       number = {3},
        pages = {34008},
          doi = {10.1209/0295-5075/97/34008},
archivePrefix = {arXiv},
       eprint = {1201.1809},
 primaryClass = {astro-ph.IM},
       adsurl = {https://ui.adsabs.harvard.edu/abs/2012EL.....9734008B},
      adsnote = {Provided by the SAO/NASA Astrophysics Data System},
         note = {\adspdf{2012EL.....9734008B}}
}

@ARTICLE{2013Sci...339..807A,
       author = {{Ackermann}, M. and {Ajello}, M. and {Allafort}, A. and {Baldini}, L. and {Ballet}, J. and {Barbiellini}, G. and {Baring}, M.~G. and {Bastieri}, D. and {Bechtol}, K. and {Bellazzini}, R. and {Blandford}, R.~D. and {Bloom}, E.~D. and {Bonamente}, E. and {Borgland}, A.~W. and {Bottacini}, E. and {Brandt}, T.~J. and {Bregeon}, J. and {Brigida}, M. and {Bruel}, P. and {Buehler}, R. and {Busetto}, G. and {Buson}, S. and {Caliandro}, G.~A. and {Cameron}, R.~A. and {Caraveo}, P.~A. and {Casandjian}, J.~M. and {Cecchi}, C. and {{\c{C}}elik}, {\"O}. and {Charles}, E. and {Chaty}, S. and {Chaves}, R.~C.~G. and {Chekhtman}, A. and {Cheung}, C.~C. and {Chiang}, J. and {Chiaro}, G. and {Cillis}, A.~N. and {Ciprini}, S. and {Claus}, R. and {Cohen-Tanugi}, J. and {Cominsky}, L.~R. and {Conrad}, J. and {Corbel}, S. and {Cutini}, S. and {D'Ammando}, F. and {de Angelis}, A. and {de Palma}, F. and {Dermer}, C.~D. and {do Couto e Silva}, E. and {Drell}, P.~S. and {Drlica-Wagner}, A. and {Falletti}, L. and {Favuzzi}, C. and {Ferrara}, E.~C. and {Franckowiak}, A. and {Fukazawa}, Y. and {Funk}, S. and {Fusco}, P. and {Gargano}, F. and {Germani}, S. and {Giglietto}, N. and {Giommi}, P. and {Giordano}, F. and {Giroletti}, M. and {Glanzman}, T. and {Godfrey}, G. and {Grenier}, I.~A. and {Grondin}, M. -H. and {Grove}, J.~E. and {Guiriec}, S. and {Hadasch}, D. and {Hanabata}, Y. and {Harding}, A.~K. and {Hayashida}, M. and {Hayashi}, K. and {Hays}, E. and {Hewitt}, J.~W. and {Hill}, A.~B. and {Hughes}, R.~E. and {Jackson}, M.~S. and {Jogler}, T. and {J{\'o}hannesson}, G. and {Johnson}, A.~S. and {Kamae}, T. and {Kataoka}, J. and {Katsuta}, J. and {Kn{\"o}dlseder}, J. and {Kuss}, M. and {Lande}, J. and {Larsson}, S. and {Latronico}, L. and {Lemoine-Goumard}, M. and {Longo}, F. and {Loparco}, F. and {Lovellette}, M.~N. and {Lubrano}, P. and {Madejski}, G.~M. and {Massaro}, F. and {Mayer}, M. and {Mazziotta}, M.~N. and {McEnery}, J.~E. and {Mehault}, J. and {Michelson}, P.~F. and {Mignani}, R.~P. and {Mitthumsiri}, W. and {Mizuno}, T. and {Moiseev}, A.~A. and {Monzani}, M.~E. and {Morselli}, A. and {Moskalenko}, I.~V. and {Murgia}, S. and {Nakamori}, T. and {Nemmen}, R. and {Nuss}, E. and {Ohno}, M. and {Ohsugi}, T. and {Omodei}, N. and {Orienti}, M. and {Orlando}, E. and {Ormes}, J.~F. and {Paneque}, D. and {Perkins}, J.~S. and {Pesce-Rollins}, M. and {Piron}, F. and {Pivato}, G. and {Rain{\`o}}, S. and {Rando}, R. and {Razzano}, M. and {Razzaque}, S. and {Reimer}, A. and {Reimer}, O. and {Ritz}, S. and {Romoli}, C. and {S{\'a}nchez-Conde}, M. and {Schulz}, A. and {Sgr{\`o}}, C. and {Simeon}, P.~E. and {Siskind}, E.~J. and {Smith}, D.~A. and {Spandre}, G. and {Spinelli}, P. and {Stecker}, F.~W. and {Strong}, A.~W. and {Suson}, D.~J. and {Tajima}, H. and {Takahashi}, H. and {Takahashi}, T. and {Tanaka}, T. and {Thayer}, J.~G. and {Thayer}, J.~B. and {Thompson}, D.~J. and {Thorsett}, S.~E. and {Tibaldo}, L. and {Tibolla}, O. and {Tinivella}, M. and {Troja}, E. and {Uchiyama}, Y. and {Usher}, T.~L. and {Vandenbroucke}, J. and {Vasileiou}, V. and {Vianello}, G. and {Vitale}, V. and {Waite}, A.~P. and {Werner}, M. and {Winer}, B.~L. and {Wood}, K.~S. and {Wood}, M. and {Yamazaki}, R. and {Yang}, Z. and {Zimmer}, S.},
        title = "{Detection of the Characteristic Pion-Decay Signature in Supernova Remnants}",
      journal = {Science},
     keywords = {ASTRONOMY Astronomy, Physics, Materials-Science, Astrophysics - High Energy Astrophysical Phenomena, Astrophysics - Galaxy Astrophysics},
         year = 2013,
        month = feb,
       volume = {339},
       number = {6121},
        pages = {807-811},
          doi = {10.1126/science.1231160},
archivePrefix = {arXiv},
       eprint = {1302.3307},
 primaryClass = {astro-ph.HE},
       adsurl = {https://ui.adsabs.harvard.edu/abs/2013Sci...339..807A},
      adsnote = {Provided by the SAO/NASA Astrophysics Data System}
}


@Inbook{Haverkorn2015,
author="Haverkorn, Marijke",
editor="Lazarian, Alexander
and de Gouveia Dal Pino, Elisabete M.
and Melioli, Claudio",
title="Magnetic Fields in the Milky Way",
bookTitle="Magnetic Fields in Diffuse Media",
year="2015",
publisher="Springer Berlin Heidelberg",
address="Berlin, Heidelberg",
pages="483--506",
abstract="This chapter presents a review of observational studies to determine the magnetic field in the Milky Way, both in the disk and in the halo, focused on recent developments and on magnetic fields in the diffuse interstellar medium. I discuss some terminology which is confusingly or inconsistently used and try to summarize current status of our knowledge on magnetic field configurations and strengths in the Milky Way. Although many open questions still exist, more and more conclusions can be drawn on the large-scale and small-scale components of the Galactic magnetic field. The chapter is concluded with a brief outlook to observational projects in the near future.",
isbn="978-3-662-44625-6",
doi="10.1007/978-3-662-44625-6_17",
url="https://doi.org/10.1007/978-3-662-44625-6_17"
}


@ARTICLE{2015PhRvL.114q1103A,
       author = {{Aguilar}, M. and {Aisa}, D. and {Alpat}, B. and {Alvino}, A. and {Ambrosi}, G. and {Andeen}, K. and {Arruda}, L. and {Attig}, N. and {Azzarello}, P. and {Bachlechner}, A. and {Barao}, F. and {Barrau}, A. and {Barrin}, L. and {Bartoloni}, A. and {Basara}, L. and {Battarbee}, M. and {Battiston}, R. and {Bazo}, J. and {Becker}, U. and {Behlmann}, M. and {Beischer}, B. and {Berdugo}, J. and {Bertucci}, B. and {Bigongiari}, G. and {Bindi}, V. and {Bizzaglia}, S. and {Bizzarri}, M. and {Boella}, G. and {de Boer}, W. and {Bollweg}, K. and {Bonnivard}, V. and {Borgia}, B. and {Borsini}, S. and {Boschini}, M.~J. and {Bourquin}, M. and {Burger}, J. and {Cadoux}, F. and {Cai}, X.~D. and {Capell}, M. and {Caroff}, S. and {Casaus}, J. and {Cascioli}, V. and {Castellini}, G. and {Cernuda}, I. and {Cerreta}, D. and {Cervelli}, F. and {Chae}, M.~J. and {Chang}, Y.~H. and {Chen}, A.~I. and {Chen}, H. and {Cheng}, G.~M. and {Chen}, H.~S. and {Cheng}, L. and {Chou}, H.~Y. and {Choumilov}, E. and {Choutko}, V. and {Chung}, C.~H. and {Clark}, C. and {Clavero}, R. and {Coignet}, G. and {Consolandi}, C. and {Contin}, A. and {Corti}, C. and {Gil}, E. Cortina and {Coste}, B. and {Creus}, W. and {Crispoltoni}, M. and {Cui}, Z. and {Dai}, Y.~M. and {Delgado}, C. and {Della Torre}, S. and {Demirk{\"o}z}, M.~B. and {Derome}, L. and {Di Falco}, S. and {Di Masso}, L. and {Dimiccoli}, F. and {D{\'\i}az}, C. and {von Doetinchem}, P. and {Donnini}, F. and {Du}, W.~J. and {Duranti}, M. and {D'Urso}, D. and {Eline}, A. and {Eppling}, F.~J. and {Eronen}, T. and {Fan}, Y.~Y. and {Farnesini}, L. and {Feng}, J. and {Fiandrini}, E. and {Fiasson}, A. and {Finch}, E. and {Fisher}, P. and {Galaktionov}, Y. and {Gallucci}, G. and {Garc{\'\i}a}, B. and {Garc{\'\i}a-L{\'o}pez}, R. and {Gargiulo}, C. and {Gast}, H. and {Gebauer}, I. and {Gervasi}, M. and {Ghelfi}, A. and {Gillard}, W. and {Giovacchini}, F. and {Goglov}, P. and {Gong}, J. and {Goy}, C. and {Grabski}, V. and {Grandi}, D. and {Graziani}, M. and {Guandalini}, C. and {Guerri}, I. and {Guo}, K.~H. and {Haas}, D. and {Habiby}, M. and {Haino}, S. and {Han}, K.~C. and {He}, Z.~H. and {Heil}, M. and {Hoffman}, J. and {Hsieh}, T.~H. and {Huang}, Z.~C. and {Huh}, C. and {Incagli}, M. and {Ionica}, M. and {Jang}, W.~Y. and {Jinchi}, H. and {Kanishev}, K. and {Kim}, G.~N. and {Kim}, K.~S. and {Kirn}, Th. and {Kossakowski}, R. and {Kounina}, O. and {Kounine}, A. and {Koutsenko}, V. and {Krafczyk}, M.~S. and {La Vacca}, G. and {Laudi}, E. and {Laurenti}, G. and {Lazzizzera}, I. and {Lebedev}, A. and {Lee}, H.~T. and {Lee}, S.~C. and {Leluc}, C. and {Levi}, G. and {Li}, H.~L. and {Li}, J.~Q. and {Li}, Q. and {Li}, Q. and {Li}, T.~X. and {Li}, W. and {Li}, Y. and {Li}, Z.~H. and {Li}, Z.~Y. and {Lim}, S. and {Lin}, C.~H. and {Lipari}, P. and {Lippert}, T. and {Liu}, D. and {Liu}, H. and {Lolli}, M. and {Lomtadze}, T. and {Lu}, M.~J. and {Lu}, S.~Q. and {Lu}, Y.~S. and {Luebelsmeyer}, K. and {Luo}, J.~Z. and {Lv}, S.~S. and {Majka}, R. and {Ma{\~n}{\'a}}, C. and {Mar{\'\i}n}, J. and {Martin}, T. and {Mart{\'\i}nez}, G. and {Masi}, N. and {Maurin}, D. and {Menchaca-Rocha}, A. and {Meng}, Q. and {Mo}, D.~C. and {Morescalchi}, L. and {Mott}, P. and {M{\"u}ller}, M. and {Ni}, J.~Q. and {Nikonov}, N. and {Nozzoli}, F. and {Nunes}, P. and {Obermeier}, A. and {Oliva}, A. and {Orcinha}, M. and {Palmonari}, F. and {Palomares}, C. and {Paniccia}, M. and {Papi}, A. and {Pauluzzi}, M. and {Pedreschi}, E. and {Pensotti}, S. and {Pereira}, R. and {Picot-Clemente}, N. and {Pilo}, F. and {Piluso}, A. and {Pizzolotto}, C. and {Plyaskin}, V. and {Pohl}, M. and {Poireau}, V. and {Postaci}, E. and {Putze}, A. and {Quadrani}, L. and {Qi}, X.~M. and {Qin}, X. and {Qu}, Z.~Y. and {R{\"a}ih{\"a}}, T. and {Rancoita}, P.~G. and {Rapin}, D. and {Ricol}, J.~S. and {Rodr{\'\i}guez}, I. and {Rosier-Lees}, S. and {Rozhkov}, A. and {Rozza}, D. and {Sagdeev}, R. and {Sandweiss}, J. and {Saouter}, P. and {Sbarra}, C. and {Schael}, S. and {Schmidt}, S.~M. and {von Dratzig}, A. Schulz and {Schwering}, G. and {Scolieri}, G. and {Seo}, E.~S. and {Shan}, B.~S. and {Shan}, Y.~H. and {Shi}, J.~Y. and {Shi}, X.~Y. and {Shi}, Y.~M. and {Siedenburg}, T. and {Son}, D. and {Spada}, F. and {Spinella}, F. and {Sun}, W. and {Sun}, W.~H. and {Tacconi}, M. and {Tang}, C.~P. and {Tang}, X.~W. and {Tang}, Z.~C. and {Tao}, L. and {Tescaro}, D. and {Ting}, Samuel C.~C. and {Ting}, S.~M. and {Tomassetti}, N. and {Torsti}, J. and {T{\"u}rko{\v{g}}lu}, C. and {Urban}, T. and {Vagelli}, V. and {Valente}, E. and {Vannini}, C. and {Valtonen}, E. and {Vaurynovich}, S. and {Vecchi}, M. and {Velasco}, M. and {Vialle}, J.~P. and {Vitale}, V. and {Vitillo}, S. and {Wang}, L.~Q. and {Wang}, N.~H. and {Wang}, Q.~L. and {Wang}, R.~S. and {Wang}, X. and {Wang}, Z.~X. and {Weng}, Z.~L. and {Whitman}, K. and {Wienkenh{\"o}ver}, J. and {Wu}, H. and {Wu}, X. and {Xia}, X. and {Xie}, M. and {Xie}, S. and {Xiong}, R.~Q. and {Xin}, G.~M. and {Xu}, N.~S. and {Xu}, W. and {Yan}, Q. and {Yang}, J. and {Yang}, M. and {Ye}, Q.~H. and {Yi}, H. and {Yu}, Y.~J. and {Yu}, Z.~Q. and {Zeissler}, S. and {Zhang}, J.~H. and {Zhang}, M.~T. and {Zhang}, X.~B. and {Zhang}, Z. and {Zheng}, Z.~M. and {Zhuang}, H.~L. and {Zhukov}, V. and {Zichichi}, A. and {Zimmermann}, N. and {Zuccon}, P. and {Zurbach}, C. and {AMS Collaboration}},
        title = "{Precision Measurement of the Proton Flux in Primary Cosmic Rays from Rigidity 1 GV to 1.8 TV with the Alpha Magnetic Spectrometer on the International Space Station}",
      journal = {\prl},
     keywords = {98.70.Sa, 95.55.Vj, 95.85.Ry, 96.50.sb, Cosmic rays, Neutrino muon pion and other elementary particle detectors, cosmic ray detectors, Neutrino muon pion and other elementary particles, cosmic rays, Composition energy spectra and interactions},
         year = 2015,
        month = may,
       volume = {114},
       number = {17},
          eid = {171103},
        pages = {171103},
          doi = {10.1103/PhysRevLett.114.171103},
       adsurl = {https://ui.adsabs.harvard.edu/abs/2015PhRvL.114q1103A},
      adsnote = {Provided by the SAO/NASA Astrophysics Data System}
}

@ARTICLE{2016A&A...586A..90P,
       author = {{Pourbaix}, Dimitri and {Boffin}, Henri M.~J.},
        title = "{Parallax and masses of {\ensuremath{\alpha}} Centauri revisited}",
      journal = {\aap},
     keywords = {astrometry, binaries: spectroscopic, techniques: spectroscopic, Astrophysics - Solar and Stellar Astrophysics},
         year = 2016,
        month = feb,
       volume = {586},
          eid = {A90},
        pages = {A90},
          doi = {10.1051/0004-6361/201527859},
archivePrefix = {arXiv},
       eprint = {1601.01636},
 primaryClass = {astro-ph.SR},
       adsurl = {https://ui.adsabs.harvard.edu/abs/2016A&A...586A..90P},
      adsnote = {Provided by the SAO/NASA Astrophysics Data System},
         note = {\adspdf{2016A\&A...586A..90P}}
}

@ARTICLE{2016PhRvL.117i1103A,
       author = {{Aguilar}, M. and {Ali Cavasonza}, L. and {Alpat}, B. and {Ambrosi}, G. and {Arruda}, L. and {Attig}, N. and {Aupetit}, S. and {Azzarello}, P. and {Bachlechner}, A. and {Barao}, F. and {Barrau}, A. and {Barrin}, L. and {Bartoloni}, A. and {Basara}, L. and {Ba{\c{s}}e{\c{C}}{\textsection}mez-du Pree}, S. and {Battarbee}, M. and {Battiston}, R. and {Bazo}, J. and {Becker}, U. and {Behlmann}, M. and {Beischer}, B. and {Berdugo}, J. and {Bertucci}, B. and {Bindi}, V. and {Boella}, G. and {de Boer}, W. and {Bollweg}, K. and {Bonnivard}, V. and {Borgia}, B. and {Boschini}, M.~J. and {Bourquin}, M. and {Bueno}, E.~F. and {Burger}, J. and {Cadoux}, F. and {Cai}, X.~D. and {Capell}, M. and {Caroff}, S. and {Casaus}, J. and {Castellini}, G. and {Cernuda}, I. and {Cervelli}, F. and {Chae}, M.~J. and {Chang}, Y.~H. and {Chen}, A.~I. and {Chen}, G.~M. and {Chen}, H.~S. and {Cheng}, L. and {Chou}, H.~Y. and {Choumilov}, E. and {Choutko}, V. and {Chung}, C.~H. and {Clark}, C. and {Clavero}, R. and {Coignet}, G. and {Consolandi}, C. and {Contin}, A. and {Corti}, C. and {Coste}, B. and {Creus}, W. and {Crispoltoni}, M. and {Cui}, Z. and {Dai}, Y.~M. and {Delgado}, C. and {Della Torre}, S. and {Demirk{\"o}z}, M.~B. and {Derome}, L. and {Di Falco}, S. and {Dimiccoli}, F. and {D{\'\i}az}, C. and {von Doetinchem}, P. and {Dong}, F. and {Donnini}, F. and {Duranti}, M. and {D'Urso}, D. and {Egorov}, A. and {Eline}, A. and {Eronen}, T. and {Feng}, J. and {Fiandrini}, E. and {Finch}, E. and {Fisher}, P. and {Formato}, V. and {Galaktionov}, Y. and {Gallucci}, G. and {Garc{\'\i}a}, B. and {Garc{\'\i}a-L{\'o}pez}, R.~J. and {Gargiulo}, C. and {Gast}, H. and {Gebauer}, I. and {Gervasi}, M. and {Ghelfi}, A. and {Giovacchini}, F. and {Goglov}, P. and {G{\'o}mez-Coral}, D.~M. and {Gong}, J. and {Goy}, C. and {Grabski}, V. and {Grandi}, D. and {Graziani}, M. and {Guerri}, I. and {Guo}, K.~H. and {Habiby}, M. and {Haino}, S. and {Han}, K.~C. and {He}, Z.~H. and {Heil}, M. and {Hoffman}, J. and {Hsieh}, T.~H. and {Huang}, H. and {Huang}, Z.~C. and {Huh}, C. and {Incagli}, M. and {Ionica}, M. and {Jang}, W.~Y. and {Jinchi}, H. and {Kang}, S.~C. and {Kanishev}, K. and {Kim}, G.~N. and {Kim}, K.~S. and {Kirn}, Th. and {Konak}, C. and {Kounina}, O. and {Kounine}, A. and {Koutsenko}, V. and {Krafczyk}, M.~S. and {La Vacca}, G. and {Laudi}, E. and {Laurenti}, G. and {Lazzizzera}, I. and {Lebedev}, A. and {Lee}, H.~T. and {Lee}, S.~C. and {Leluc}, C. and {Li}, H.~S. and {Li}, J.~Q. and {Li}, J.~Q. and {Li}, Q. and {Li}, T.~X. and {Li}, W. and {Li}, Z.~H. and {Li}, Z.~Y. and {Lim}, S. and {Lin}, C.~H. and {Lipari}, P. and {Lippert}, T. and {Liu}, D. and {Liu}, Hu and {Lu}, S.~Q. and {Lu}, Y.~S. and {Luebelsmeyer}, K. and {Luo}, F. and {Luo}, J.~Z. and {Lv}, S.~S. and {Majka}, R. and {Ma{\~n}{\'a}}, C. and {Mar{\'\i}n}, J. and {Martin}, T. and {Mart{\'\i}nez}, G. and {Masi}, N. and {Maurin}, D. and {Menchaca-Rocha}, A. and {Meng}, Q. and {Mo}, D.~C. and {Morescalchi}, L. and {Mott}, P. and {Nelson}, T. and {Ni}, J.~Q. and {Nikonov}, N. and {Nozzoli}, F. and {Nunes}, P. and {Oliva}, A. and {Orcinha}, M. and {Palmonari}, F. and {Palomares}, C. and {Paniccia}, M. and {Pauluzzi}, M. and {Pensotti}, S. and {Pereira}, R. and {Picot-Clemente}, N. and {Pilo}, F. and {Pizzolotto}, C. and {Plyaskin}, V. and {Pohl}, M. and {Poireau}, V. and {Putze}, A. and {Quadrani}, L. and {Qi}, X.~M. and {Qin}, X. and {Qu}, Z.~Y. and {R{\"a}ih{\"a}}, T. and {Rancoita}, P.~G. and {Rapin}, D. and {Ricol}, J.~S. and {Rodr{\'\i}guez}, I. and {Rosier-Lees}, S. and {Rozhkov}, A. and {Rozza}, D. and {Sagdeev}, R. and {Sandweiss}, J. and {Saouter}, P. and {Schael}, S. and {Schmidt}, S.~M. and {Schulz von Dratzig}, A. and {Schwering}, G. and {Seo}, E.~S. and {Shan}, B.~S. and {Shi}, J.~Y. and {Siedenburg}, T. and {Son}, D. and {Song}, J.~W. and {Sun}, W.~H. and {Tacconi}, M. and {Tang}, X.~W. and {Tang}, Z.~C. and {Tao}, L. and {Tescaro}, D. and {Ting}, Samuel C.~C. and {Ting}, S.~M. and {Tomassetti}, N. and {Torsti}, J. and {T{\"u}rko{\v{g}}lu}, C. and {Urban}, T. and {Vagelli}, V. and {Valente}, E. and {Vannini}, C. and {Valtonen}, E. and {V{\'a}zquez Acosta}, M. and {Vecchi}, M. and {Velasco}, M. and {Vialle}, J.~P. and {Vitale}, V. and {Vitillo}, S. and {Wang}, L.~Q. and {Wang}, N.~H. and {Wang}, Q.~L. and {Wang}, X. and {Wang}, X.~Q. and {Wang}, Z.~X. and {Wei}, C.~C. and {Weng}, Z.~L. and {Whitman}, K. and {Wienkenh{\"o}ver}, J. and {Willenbrock}, M. and {Wu}, H. and {Wu}, X. and {Xia}, X. and {Xiong}, R.~Q. and {Xu}, W. and {Yan}, Q. and {Yang}, J. and {Yang}, M. and {Yang}, Y. and {Yi}, H. and {Yu}, Y.~J. and {Yu}, Z.~Q. and {Zeissler}, S. and {Zhang}, C. and {Zhang}, J. and {Zhang}, J.~H. and {Zhang}, S.~D. and {Zhang}, S.~W. and {Zhang}, Z. and {Zheng}, Z.~M. and {Zhu}, Z.~Q. and {Zhuang}, H.~L. and {Zhukov}, V. and {Zichichi}, A. and {Zimmermann}, N. and {Zuccon}, P. and {AMS Collaboration}},
        title = "{Antiproton Flux, Antiproton-to-Proton Flux Ratio, and Properties of Elementary Particle Fluxes in Primary Cosmic Rays Measured with the Alpha Magnetic Spectrometer on the International Space Station}",
      journal = {\prl},
         year = 2016,
        month = aug,
       volume = {117},
       number = {9},
          eid = {091103},
        pages = {091103},
          doi = {10.1103/PhysRevLett.117.091103},
       adsurl = {https://ui.adsabs.harvard.edu/abs/2016PhRvL.117i1103A},
      adsnote = {Provided by the SAO/NASA Astrophysics Data System}
}

@ARTICLE{2018MNRAS.473..513F,
       author = {{Faran}, T. and {Nakar}, E. and {Poznanski}, D.},
        title = "{The evolution of temperature and bolometric luminosity in Type II supernovae}",
      journal = {\mnras},
     keywords = {supernovae: general, Astrophysics - High Energy Astrophysical Phenomena, Astrophysics - Solar and Stellar Astrophysics},
         year = 2018,
        month = jan,
       volume = {473},
       number = {1},
        pages = {513--537},
          doi = {10.1093/mnras/stx2288},
archivePrefix = {arXiv},
       eprint = {1707.07695},
 primaryClass = {astro-ph.HE},
       adsurl = {https://ui.adsabs.harvard.edu/abs/2018MNRAS.473..513F},
      adsnote = {Provided by the SAO/NASA Astrophysics Data System},
         note = {\adspdf{2018MNRAS.473..513F}}
}

@ARTICLE{2018PrPNP..98...85M,
       author = {{Mollerach}, S. and {Roulet}, E.},
        title = "{Progress in high-energy cosmic ray physics}",
      journal = {Progress in Particle and Nuclear Physics},
     keywords = {Cosmic rays, Air showers, Spectrum, Composition, Arrival directions, Astrophysics - High Energy Astrophysical Phenomena, High Energy Physics - Phenomenology},
         year = 2018,
        month = jan,
       volume = {98},
        pages = {85-118},
          doi = {10.1016/j.ppnp.2017.10.002},
archivePrefix = {arXiv},
       eprint = {1710.11155},
 primaryClass = {astro-ph.HE},
       adsurl = {https://ui.adsabs.harvard.edu/abs/2018PrPNP..98...85M},
      adsnote = {Provided by the SAO/NASA Astrophysics Data System}
}


@ARTICLE{2018JCAP...05..035S,
       author = {{Saikawa}, Ken'ichi and {Shirai}, Satoshi},
        title = "{Primordial gravitational waves, precisely: the role of thermodynamics in the Standard Model}",
      journal = {\jcap},
     keywords = {High Energy Physics - Phenomenology, Astrophysics - Cosmology and Nongalactic Astrophysics, General Relativity and Quantum Cosmology},
         year = 2018,
        month = may,
       volume = {2018},
       number = {5},
          eid = {035},
        pages = {035},
          doi = {10.1088/1475-7516/2018/05/035},
archivePrefix = {arXiv},
       eprint = {1803.01038},
 primaryClass = {hep-ph},
       adsurl = {https://ui.adsabs.harvard.edu/abs/2018JCAP...05..035S},
      adsnote = {Provided by the SAO/NASA Astrophysics Data System}
}


@ARTICLE{2019PhRvL.122d1102A,
       author = {{Aguilar}, M. and {Ali Cavasonza}, L. and {Ambrosi}, G. and {Arruda}, L. and {Attig}, N. and {Azzarello}, P. and {Bachlechner}, A. and {Barao}, F. and {Barrau}, A. and {Barrin}, L. and {Bartoloni}, A. and {Basara}, L. and {Ba{\c{s}}e{\v{g}}mez-du Pree}, S. and {Battiston}, R. and {Becker}, U. and {Behlmann}, M. and {Beischer}, B. and {Berdugo}, J. and {Bertucci}, B. and {Bindi}, V. and {de Boer}, W. and {Bollweg}, K. and {Borgia}, B. and {Boschini}, M.~J. and {Bourquin}, M. and {Bueno}, E.~F. and {Burger}, J. and {Burger}, W.~J. and {Cai}, X.~D. and {Capell}, M. and {Caroff}, S. and {Casaus}, J. and {Castellini}, G. and {Cervelli}, F. and {Chang}, Y.~H. and {Chen}, G.~M. and {Chen}, H.~S. and {Chen}, Y. and {Cheng}, L. and {Chou}, H.~Y. and {Choutko}, V. and {Chung}, C.~H. and {Clark}, C. and {Coignet}, G. and {Consolandi}, C. and {Contin}, A. and {Corti}, C. and {Crispoltoni}, M. and {Cui}, Z. and {Dadzie}, K. and {Dai}, Y.~M. and {Datta}, A. and {Delgado}, C. and {Della Torre}, S. and {Demirk{\"o}z}, M.~B. and {Derome}, L. and {Di Falco}, S. and {Dimiccoli}, F. and {D{\'\i}az}, C. and {von Doetinchem}, P. and {Dong}, F. and {Donnini}, F. and {Duranti}, M. and {Egorov}, A. and {Eline}, A. and {Eronen}, T. and {Feng}, J. and {Fiandrini}, E. and {Fisher}, P. and {Formato}, V. and {Galaktionov}, Y. and {Garc{\'\i}a-L{\'o}pez}, R.~J. and {Gargiulo}, C. and {Gast}, H. and {Gebauer}, I. and {Gervasi}, M. and {Giovacchini}, F. and {G{\'o}mez-Coral}, D.~M. and {Gong}, J. and {Goy}, C. and {Grabski}, V. and {Grandi}, D. and {Graziani}, M. and {Guo}, K.~H. and {Haino}, S. and {Han}, K.~C. and {He}, Z.~H. and {Heil}, M. and {Hsieh}, T.~H. and {Huang}, H. and {Huang}, Z.~C. and {Incagli}, M. and {Jia}, Yi and {Jinchi}, H. and {Kanishev}, K. and {Khiali}, B. and {Kirn}, Th. and {Konak}, C. and {Kounina}, O. and {Kounine}, A. and {Koutsenko}, V. and {Kulemzin}, A. and {La Vacca}, G. and {Laudi}, E. and {Laurenti}, G. and {Lazzizzera}, I. and {Lebedev}, A. and {Lee}, H.~T. and {Lee}, S.~C. and {Leluc}, C. and {Li}, J.~Q. and {Li}, Q. and {Li}, T.~X. and {Li}, Z.~H. and {Light}, C. and {Lin}, C.~H. and {Lippert}, T. and {Liu}, F.~Z. and {Liu}, Hu and {Liu}, Z. and {Lu}, S.~Q. and {Lu}, Y.~S. and {Luebelsmeyer}, K. and {Luo}, F. and {Luo}, J.~Z. and {Luo}, Xi and {Lyu}, S.~S. and {Machate}, F. and {Ma{\~n}{\'a}}, C. and {Mar{\'\i}n}, J. and {Martin}, T. and {Mart{\'\i}nez}, G. and {Masi}, N. and {Maurin}, D. and {Menchaca-Rocha}, A. and {Meng}, Q. and {Mo}, D.~C. and {Molero}, M. and {Mott}, P. and {Mussolin}, L. and {Nelson}, T. and {Ni}, J.~Q. and {Nikonov}, N. and {Nozzoli}, F. and {Oliva}, A. and {Orcinha}, M. and {Palermo}, M. and {Palmonari}, F. and {Paniccia}, M. and {Pashnin}, A. and {Pauluzzi}, M. and {Pensotti}, S. and {Perrina}, C. and {Phan}, H.~D. and {Picot-Clemente}, N. and {Plyaskin}, V. and {Pohl}, M. and {Poireau}, V. and {Popkow}, A. and {Quadrani}, L. and {Qi}, X.~M. and {Qin}, X. and {Qu}, Z.~Y. and {Rancoita}, P.~G. and {Rapin}, D. and {Conde}, A. Reina and {Rosier-Lees}, S. and {Rozhkov}, A. and {Rozza}, D. and {Sagdeev}, R. and {Solano}, C. and {Schael}, S. and {Schmidt}, S.~M. and {Schulz von Dratzig}, A. and {Schwering}, G. and {Seo}, E.~S. and {Shan}, B.~S. and {Shi}, J.~Y. and {Siedenburg}, T. and {Song}, J.~W. and {Sun}, Z.~T. and {Tacconi}, M. and {Tang}, X.~W. and {Tang}, Z.~C. and {Tian}, J. and {Ting}, Samuel C.~C. and {Ting}, S.~M. and {Tomassetti}, N. and {Torsti}, J. and {Urban}, T. and {Vagelli}, V. and {Valente}, E. and {Valtonen}, E. and {V{\'a}zquez Acosta}, M. and {Vecchi}, M. and {Velasco}, M. and {Vialle}, J.~P. and {Viz{\'a}n}, J. and {Wang}, L.~Q. and {Wang}, N.~H. and {Wang}, Q.~L. and {Wang}, X. and {Wang}, X.~Q. and {Wang}, Z.~X. and {Wei}, J. and {Weng}, Z.~L. and {Wu}, H. and {Xiong}, R.~Q. and {Xu}, W. and {Yan}, Q. and {Yang}, Y. and {Yi}, H. and {Yu}, Y.~J. and {Yu}, Z.~Q. and {Zannoni}, M. and {Zeissler}, S. and {Zhang}, C. and {Zhang}, F. and {Zhang}, J.~H. and {Zhang}, Z. and {Zhao}, F. and {Zheng}, Z.~M. and {Zhuang}, H.~L. and {Zhukov}, V. and {Zichichi}, A. and {Zimmermann}, N. and {Zuccon}, P. and {AMS Collaboration}},
        title = "{Towards Understanding the Origin of Cosmic-Ray Positrons}",
      journal = {\prl},
         year = 2019,
        month = feb,
       volume = {122},
       number = {4},
          eid = {041102},
        pages = {041102},
          doi = {10.1103/PhysRevLett.122.041102},
       adsurl = {https://ui.adsabs.harvard.edu/abs/2019PhRvL.122d1102A},
      adsnote = {Provided by the SAO/NASA Astrophysics Data System}
}

@ARTICLE{2019PhRvL.122j1101A,
       author = {{Aguilar}, M. and {Ali Cavasonza}, L. and {Alpat}, B. and {Ambrosi}, G. and {Arruda}, L. and {Attig}, N. and {Azzarello}, P. and {Bachlechner}, A. and {Barao}, F. and {Barrau}, A. and {Barrin}, L. and {Bartoloni}, A. and {Basara}, L. and {Ba{\c{s}}e{\v{g}}mez-du Pree}, S. and {Battiston}, R. and {Becker}, U. and {Behlmann}, M. and {Beischer}, B. and {Berdugo}, J. and {Bertucci}, B. and {Bindi}, V. and {de Boer}, W. and {Bollweg}, K. and {Borgia}, B. and {Boschini}, M.~J. and {Bourquin}, M. and {Bueno}, E.~F. and {Burger}, J. and {Burger}, W.~J. and {Cai}, X.~D. and {Capell}, M. and {Caroff}, S. and {Casaus}, J. and {Castellini}, G. and {Cervelli}, F. and {Chang}, Y.~H. and {Chen}, G.~M. and {Chen}, H.~S. and {Chen}, Y. and {Cheng}, L. and {Chou}, H.~Y. and {Choutko}, V. and {Chung}, C.~H. and {Clark}, C. and {Coignet}, G. and {Consolandi}, C. and {Contin}, A. and {Corti}, C. and {Crispoltoni}, M. and {Cui}, Z. and {Dadzie}, K. and {Dai}, Y.~M. and {Datta}, A. and {Delgado}, C. and {Della Torre}, S. and {Demirk{\"o}z}, M.~B. and {Derome}, L. and {Di Falco}, S. and {Di Felice}, V. and {Dimiccoli}, F. and {D{\'\i}az}, C. and {von Doetinchem}, P. and {Dong}, F. and {Donnini}, F. and {Duranti}, M. and {Egorov}, A. and {Eline}, A. and {Eronen}, T. and {Feng}, J. and {Fiandrini}, E. and {Fisher}, P. and {Formato}, V. and {Galaktionov}, Y. and {Garc{\'\i}a-L{\'o}pez}, R.~J. and {Gargiulo}, C. and {Gast}, H. and {Gebauer}, I. and {Gervasi}, M. and {Giovacchini}, F. and {G{\'o}mez-Coral}, D.~M. and {Gong}, J. and {Goy}, C. and {Grabski}, V. and {Grandi}, D. and {Graziani}, M. and {Guo}, K.~H. and {Haino}, S. and {Han}, K.~C. and {He}, Z.~H. and {Heil}, M. and {Hsieh}, T.~H. and {Huang}, H. and {Huang}, Z.~C. and {Incagli}, M. and {Jia}, Yi and {Jinchi}, H. and {Kanishev}, K. and {Khiali}, B. and {Kirn}, Th. and {Konak}, C. and {Kounina}, O. and {Kounine}, A. and {Koutsenko}, V. and {Kulemzin}, A. and {La Vacca}, G. and {Laudi}, E. and {Laurenti}, G. and {Lazzizzera}, I. and {Lebedev}, A. and {Lee}, H.~T. and {Lee}, S.~C. and {Leluc}, C. and {Li}, J.~Q. and {Li}, Q. and {Li}, T.~X. and {Li}, Z.~H. and {Light}, C. and {Lin}, C.~H. and {Lippert}, T. and {Liu}, F.~Z. and {Liu}, Hu and {Liu}, Z. and {Lu}, S.~Q. and {Lu}, Y.~S. and {Luebelsmeyer}, K. and {Luo}, F. and {Luo}, J.~Z. and {Luo}, Xi and {Lyu}, S.~S. and {Machate}, F. and {Ma{\~n}{\'a}}, C. and {Mar{\'\i}n}, J. and {Martin}, T. and {Mart{\'\i}nez}, G. and {Masi}, N. and {Maurin}, D. and {Menchaca-Rocha}, A. and {Meng}, Q. and {Mo}, D.~C. and {Molero}, M. and {Mott}, P. and {Mussolin}, L. and {Nelson}, T. and {Ni}, J.~Q. and {Nikonov}, N. and {Nozzoli}, F. and {Oliva}, A. and {Orcinha}, M. and {Palermo}, M. and {Palmonari}, F. and {Paniccia}, M. and {Pashnin}, A. and {Pauluzzi}, M. and {Pensotti}, S. and {Perrina}, C. and {Phan}, H.~D. and {Picot-Clemente}, N. and {Plyaskin}, V. and {Pohl}, M. and {Poireau}, V. and {Popkow}, A. and {Quadrani}, L. and {Qi}, X.~M. and {Qin}, X. and {Qu}, Z.~Y. and {Rancoita}, P.~G. and {Rapin}, D. and {Conde}, A. Reina and {Rosier-Lees}, S. and {Rozhkov}, A. and {Rozza}, D. and {Sagdeev}, R. and {Solano}, C. and {Schael}, S. and {Schmidt}, S.~M. and {von Dratzig}, A. Schulz and {Schwering}, G. and {Seo}, E.~S. and {Shan}, B.~S. and {Shi}, J.~Y. and {Siedenburg}, T. and {Song}, J.~W. and {Sun}, Z.~T. and {Tacconi}, M. and {Tang}, X.~W. and {Tang}, Z.~C. and {Tian}, J. and {Ting}, Samuel C.~C. and {Ting}, S.~M. and {Tomassetti}, N. and {Torsti}, J. and {Urban}, T. and {Vagelli}, V. and {Valente}, E. and {Valtonen}, E. and {Acosta}, M. V{\'a}zquez and {Vecchi}, M. and {Velasco}, M. and {Vialle}, J.~P. and {Viz{\'a}n}, J. and {Wang}, L.~Q. and {Wang}, N.~H. and {Wang}, Q.~L. and {Wang}, X. and {Wang}, X.~Q. and {Wang}, Z.~X. and {Wei}, J. and {Weng}, Z.~L. and {Wu}, H. and {Xiong}, R.~Q. and {Xu}, W. and {Yan}, Q. and {Yang}, Y. and {Yi}, H. and {Yu}, Y.~J. and {Yu}, Z.~Q. and {Zannoni}, M. and {Zeissler}, S. and {Zhang}, C. and {Zhang}, F. and {Zhang}, J.~H. and {Zhang}, Z. and {Zhao}, F. and {Zheng}, Z.~M. and {Zhuang}, H.~L. and {Zhukov}, V. and {Zichichi}, A. and {Zimmermann}, N. and {Zuccon}, P. and {AMS Collaboration}},
        title = "{Towards Understanding the Origin of Cosmic-Ray Electrons}",
      journal = {\prl},
         year = 2019,
        month = mar,
       volume = {122},
       number = {10},
          eid = {101101},
        pages = {101101},
          doi = {10.1103/PhysRevLett.122.101101},
       adsurl = {https://ui.adsabs.harvard.edu/abs/2019PhRvL.122j1101A},
      adsnote = {Provided by the SAO/NASA Astrophysics Data System}
}

@ARTICLE{2020AN....341..860R,
       author = {{Reid}, Mark J. and {Menten}, Karl M.},
        title = "{The first stellar parallaxes revisited}",
      journal = {Astronomische Nachrichten},
     keywords = {history and philosophy of astronomy, astrometry, stars: distances, methods: data analysis, Astrophysics - Solar and Stellar Astrophysics, Astrophysics - Earth and Planetary Astrophysics, Astrophysics - Instrumentation and Methods for Astrophysics},
         year = 2020,
        month = nov,
       volume = {341},
       number = {9},
        pages = {860--869},
          doi = {10.1002/asna.202013833},
archivePrefix = {arXiv},
       eprint = {2009.11913},
 primaryClass = {astro-ph.SR},
       adsurl = {https://ui.adsabs.harvard.edu/abs/2020AN....341..860R},
      adsnote = {Provided by the SAO/NASA Astrophysics Data System},
         note = {\adspdf[EPRINT]{2020AN....341..860R}}
}

@ARTICLE{2020ApJS..247...33A,
       author = {{Abdollahi}, S. et al.},
        title = "{Fermi Large Area Telescope Fourth Source Catalog}",
      journal = {\apjs},
     keywords = {Catalogs, Gamma-ray astronomy, Sky surveys, 205, 628, 1464, Astrophysics - High Energy Astrophysical Phenomena},
         year = 2020,
        month = mar,
       volume = {247},
       number = {1},
          eid = {33},
        pages = {33},
          doi = {10.3847/1538-4365/ab6bcb},
archivePrefix = {arXiv},
       eprint = {1902.10045},
 primaryClass = {astro-ph.HE},
       adsurl = {https://ui.adsabs.harvard.edu/abs/2020ApJS..247...33A},
      adsnote = {Provided by the SAO/NASA Astrophysics Data System}
}

@ARTICLE{2020JHEP...09..178E,
       author = {{Esteban}, Ivan and {Gonzalez-Garcia}, M.~C. and {Maltoni}, Michele and {Schwetz}, Thomas and {Zhou}, Albert},
        title = "{The fate of hints: updated global analysis of three-flavor neutrino oscillations}",
      journal = {Journal of High Energy Physics},
     keywords = {Neutrino Physics, CP violation, Solar and Atmospheric Neutrinos, High Energy Physics - Phenomenology, High Energy Physics - Experiment},
         year = 2020,
        month = sep,
       volume = {2020},
       number = {9},
          eid = {178},
        pages = {178},
          doi = {10.1007/JHEP09(2020)178},
archivePrefix = {arXiv},
       eprint = {2007.14792},
 primaryClass = {hep-ph},
       adsurl = {https://ui.adsabs.harvard.edu/abs/2020JHEP...09..178E},
      adsnote = {Provided by the SAO/NASA Astrophysics Data System}
}

@ARTICLE{2020A&A...641A...6P,
       author = {{Planck Collaboration} and {Aghanim}, N. and {Akrami}, Y. and {Ashdown}, M. and {Aumont}, J. and {Baccigalupi}, C. and {Ballardini}, M. and {Banday}, A.~J. and {Barreiro}, R.~B. and {Bartolo}, N. and {Basak}, S. and {Battye}, R. and {Benabed}, K. and {Bernard}, J. -P. and {Bersanelli}, M. and {Bielewicz}, P. and {Bock}, J.~J. and {Bond}, J.~R. and {Borrill}, J. and {Bouchet}, F.~R. and {Boulanger}, F. and {Bucher}, M. and {Burigana}, C. and {Butler}, R.~C. and {Calabrese}, E. and {Cardoso}, J. -F. and {Carron}, J. and {Challinor}, A. and {Chiang}, H.~C. and {Chluba}, J. and {Colombo}, L.~P.~L. and {Combet}, C. and {Contreras}, D. and {Crill}, B.~P. and {Cuttaia}, F. and {de Bernardis}, P. and {de Zotti}, G. and {Delabrouille}, J. and {Delouis}, J. -M. and {Di Valentino}, E. and {Diego}, J.~M. and {Dor{\'e}}, O. and {Douspis}, M. and {Ducout}, A. and {Dupac}, X. and {Dusini}, S. and {Efstathiou}, G. and {Elsner}, F. and {En{\ss}lin}, T.~A. and {Eriksen}, H.~K. and {Fantaye}, Y. and {Farhang}, M. and {Fergusson}, J. and {Fernandez-Cobos}, R. and {Finelli}, F. and {Forastieri}, F. and {Frailis}, M. and {Fraisse}, A.~A. and {Franceschi}, E. and {Frolov}, A. and {Galeotta}, S. and {Galli}, S. and {Ganga}, K. and {G{\'e}nova-Santos}, R.~T. and {Gerbino}, M. and {Ghosh}, T. and {Gonz{\'a}lez-Nuevo}, J. and {G{\'o}rski}, K.~M. and {Gratton}, S. and {Gruppuso}, A. and {Gudmundsson}, J.~E. and {Hamann}, J. and {Handley}, W. and {Hansen}, F.~K. and {Herranz}, D. and {Hildebrandt}, S.~R. and {Hivon}, E. and {Huang}, Z. and {Jaffe}, A.~H. and {Jones}, W.~C. and {Karakci}, A. and {Keih{\"a}nen}, E. and {Keskitalo}, R. and {Kiiveri}, K. and {Kim}, J. and {Kisner}, T.~S. and {Knox}, L. and {Krachmalnicoff}, N. and {Kunz}, M. and {Kurki-Suonio}, H. and {Lagache}, G. and {Lamarre}, J. -M. and {Lasenby}, A. and {Lattanzi}, M. and {Lawrence}, C.~R. and {Le Jeune}, M. and {Lemos}, P. and {Lesgourgues}, J. and {Levrier}, F. and {Lewis}, A. and {Liguori}, M. and {Lilje}, P.~B. and {Lilley}, M. and {Lindholm}, V. and {L{\'o}pez-Caniego}, M. and {Lubin}, P.~M. and {Ma}, Y. -Z. and {Mac{\'\i}as-P{\'e}rez}, J.~F. and {Maggio}, G. and {Maino}, D. and {Mandolesi}, N. and {Mangilli}, A. and {Marcos-Caballero}, A. and {Maris}, M. and {Martin}, P.~G. and {Martinelli}, M. and {Mart{\'\i}nez-Gonz{\'a}lez}, E. and {Matarrese}, S. and {Mauri}, N. and {McEwen}, J.~D. and {Meinhold}, P.~R. and {Melchiorri}, A. and {Mennella}, A. and {Migliaccio}, M. and {Millea}, M. and {Mitra}, S. and {Miville-Desch{\^e}nes}, M. -A. and {Molinari}, D. and {Montier}, L. and {Morgante}, G. and {Moss}, A. and {Natoli}, P. and {N{\o}rgaard-Nielsen}, H.~U. and {Pagano}, L. and {Paoletti}, D. and {Partridge}, B. and {Patanchon}, G. and {Peiris}, H.~V. and {Perrotta}, F. and {Pettorino}, V. and {Piacentini}, F. and {Polastri}, L. and {Polenta}, G. and {Puget}, J. -L. and {Rachen}, J.~P. and {Reinecke}, M. and {Remazeilles}, M. and {Renzi}, A. and {Rocha}, G. and {Rosset}, C. and {Roudier}, G. and {Rubi{\~n}o-Mart{\'\i}n}, J.~A. and {Ruiz-Granados}, B. and {Salvati}, L. and {Sandri}, M. and {Savelainen}, M. and {Scott}, D. and {Shellard}, E.~P.~S. and {Sirignano}, C. and {Sirri}, G. and {Spencer}, L.~D. and {Sunyaev}, R. and {Suur-Uski}, A. -S. and {Tauber}, J.~A. and {Tavagnacco}, D. and {Tenti}, M. and {Toffolatti}, L. and {Tomasi}, M. and {Trombetti}, T. and {Valenziano}, L. and {Valiviita}, J. and {Van Tent}, B. and {Vibert}, L. and {Vielva}, P. and {Villa}, F. and {Vittorio}, N. and {Wandelt}, B.~D. and {Wehus}, I.~K. and {White}, M. and {White}, S.~D.~M. and {Zacchei}, A. and {Zonca}, A.},
        title = "{Planck 2018 results. VI. Cosmological parameters}",
      journal = {\aap},
     keywords = {cosmic background radiation, cosmological parameters, Astrophysics - Cosmology and Nongalactic Astrophysics},
         year = 2020,
        month = sep,
       volume = {641},
          eid = {A6},
        pages = {A6},
          doi = {10.1051/0004-6361/201833910},
archivePrefix = {arXiv},
       eprint = {1807.06209},
 primaryClass = {astro-ph.CO},
       adsurl = {https://ui.adsabs.harvard.edu/abs/2020A&A...641A...6P},
      adsnote = {Provided by the SAO/NASA Astrophysics Data System}
}

@article{PDG,
    author = "Workman, R. L. and Others",
    collaboration = "Particle Data Group",
    title = "{Review of Particle Physics}",
    doi = "10.1093/ptep/ptac097",
    journal = "PTEP",
    volume = "2022",
    pages = "083C01",
    year = "2022"
}

@ARTICLE{2021PhR...894....1A,
       author = {{Aguilar}, M. and {Ali Cavasonza}, L. and {Ambrosi}, G. and {Arruda}, L. and {Attig}, N. and {Barao}, F. and {Barrin}, L. and {Bartoloni}, A. and {Ba{\c{s}}e{\u{g}}mez-du Pree}, S. and {Bates}, J. and {Battiston}, R. and {Behlmann}, M. and {Beischer}, B. and {Berdugo}, J. and {Bertucci}, B. and {Bindi}, V. and {de Boer}, W. and {Bollweg}, K. and {Borgia}, B. and {Boschini}, M.~J. and {Bourquin}, M. and {Bueno}, E.~F. and {Burger}, J. and {Burger}, W.~J. and {Burmeister}, S. and {Cai}, X.~D. and {Capell}, M. and {Casaus}, J. and {Castellini}, G. and {Cervelli}, F. and {Chang}, Y.~H. and {Chen}, G.~M. and {Chen}, H.~S. and {Chen}, Y. and {Cheng}, L. and {Chou}, H.~Y. and {Chouridou}, S. and {Choutko}, V. and {Chung}, C.~H. and {Clark}, C. and {Coignet}, G. and {Consolandi}, C. and {Contin}, A. and {Corti}, C. and {Cui}, Z. and {Dadzie}, K. and {Dai}, Y.~M. and {Delgado}, C. and {Della Torre}, S. and {Demirk{\"o}z}, M.~B. and {Derome}, L. and {Di Falco}, S. and {Di Felice}, V. and {D{\'\i}az}, C. and {Dimiccoli}, F. and {von Doetinchem}, P. and {Dong}, F. and {Donnini}, F. and {Duranti}, M. and {Egorov}, A. and {Eline}, A. and {Feng}, J. and {Fiandrini}, E. and {Fisher}, P. and {Formato}, V. and {Freeman}, C. and {Galaktionov}, Y. and {G{\'a}mez}, C. and {Garc{\'\i}a-L{\'o}pez}, R.~J. and {Gargiulo}, C. and {Gast}, H. and {Gebauer}, I. and {Gervasi}, M. and {Giovacchini}, F. and {G{\'o}mez-Coral}, D.~M. and {Gong}, J. and {Goy}, C. and {Grabski}, V. and {Grandi}, D. and {Graziani}, M. and {Guo}, K.~H. and {Haino}, S. and {Han}, K.~C. and {Hashmani}, R.~K. and {He}, Z.~H. and {Heber}, B. and {Hsieh}, T.~H. and {Hu}, J.~Y. and {Huang}, Z.~C. and {Hungerford}, W. and {Incagli}, M. and {Jang}, W.~Y. and {Jia}, Yi and {Jinchi}, H. and {Kanishev}, K. and {Khiali}, B. and {Kim}, G.~N. and {Kirn}, Th. and {Konyushikhin}, M. and {Kounina}, O. and {Kounine}, A. and {Koutsenko}, V. and {Kuhlman}, A. and {Kulemzin}, A. and {La Vacca}, G. and {Laudi}, E. and {Laurenti}, G. and {Lazzizzera}, I. and {Lebedev}, A. and {Lee}, H.~T. and {Lee}, S.~C. and {Leluc}, C. and {Li}, J.~Q. and {Li}, M. and {Li}, Q. and {Li}, S. and {Li}, T.~X. and {Li}, Z.~H. and {Light}, C. and {Lin}, C.~H. and {Lippert}, T. and {Liu}, Z. and {Lu}, S.~Q. and {Lu}, Y.~S. and {Luebelsmeyer}, K. and {Luo}, J.~Z. and {Lyu}, S.~S. and {Machate}, F. and {Ma{\~n}{\'a}}, C. and {Mar{\'\i}n}, J. and {Marquardt}, J. and {Martin}, T. and {Mart{\'\i}nez}, G. and {Masi}, N. and {Maurin}, D. and {Menchaca-Rocha}, A. and {Meng}, Q. and {Mo}, D.~C. and {Molero}, M. and {Mott}, P. and {Mussolin}, L. and {Ni}, J.~Q. and {Nikonov}, N. and {Nozzoli}, F. and {Oliva}, A. and {Orcinha}, M. and {Palermo}, M. and {Palmonari}, F. and {Paniccia}, M. and {Pashnin}, A. and {Pauluzzi}, M. and {Pensotti}, S. and {Phan}, H.~D. and {Plyaskin}, V. and {Pohl}, M. and {Porter}, S. and {Qi}, X.~M. and {Qin}, X. and {Qu}, Z.~Y. and {Quadrani}, L. and {Rancoita}, P.~G. and {Rapin}, D. and {Reina Conde}, A. and {Rosier-Lees}, S. and {Rozhkov}, A. and {Rozza}, D. and {Sagdeev}, R. and {Schael}, S. and {Schmidt}, S.~M. and {Schulz von Dratzig}, A. and {Schwering}, G. and {Seo}, E.~S. and {Shan}, B.~S. and {Shi}, J.~Y. and {Siedenburg}, T. and {Solano}, C. and {Song}, J.~W. and {Sonnabend}, R. and {Sun}, Q. and {Sun}, Z.~T. and {Tacconi}, M. and {Tang}, X.~W. and {Tang}, Z.~C. and {Tian}, J. and {Ting}, Samuel C.~C. and {Ting}, S.~M. and {Tomassetti}, N. and {Torsti}, J. and {T{\"u}ys{\"u}z}, C. and {Urban}, T. and {Usoskin}, I. and {Vagelli}, V. and {Vainio}, R. and {Valente}, E. and {Valtonen}, E. and {V{\'a}zquez Acosta}, M. and {Vecchi}, M. and {Velasco}, M. and {Vialle}, J.~P. and {Wang}, L.~Q. and {Wang}, N.~H. and {Wang}, Q.~L. and {Wang}, S. and {Wang}, X. and {Wang}, Z.~X. and {Wei}, J. and {Weng}, Z.~L. and {Wu}, H. and {Xiong}, R.~Q. and {Xu}, W. and {Yan}, Q. and {Yang}, Y. and {Yi}, H. and {Yu}, Y.~J. and {Yu}, Z.~Q. and {Zannoni}, M. and {Zhang}, C. and {Zhang}, F. and {Zhang}, F.~Z. and {Zhang}, J.~H. and {Zhang}, Z. and {Zhao}, F. and {Zheng}, Z.~M. and {Zhuang}, H.~L. and {Zhukov}, V. and {Zichichi}, A. and {Zimmermann}, N. and {Zuccon}, P. and {AMS Collaboration}},
        title = "{The Alpha Magnetic Spectrometer (AMS) on the international space station: Part II - Results from the first seven years}",
      journal = {\physrep},
     keywords = {Cosmic ray composition \& spectra, Cosmic ray acceleration, Cosmic ray propagation, Cosmic ray sources, Particle astrophysics, Particle dark matter, Cosmic ray detectors, Alpha Magnetic Spectrometer, International space station},
         year = 2021,
        month = feb,
       volume = {894},
        pages = {1-116},
          doi = {10.1016/j.physrep.2020.09.003},
       adsurl = {https://ui.adsabs.harvard.edu/abs/2021PhR...894....1A},
      adsnote = {Provided by the SAO/NASA Astrophysics Data System}
}

@ARTICLE{2021ARNPS..71..491O,
       author = {{Orebi Gann}, Gabriel D. and {Zuber}, Kai and {Bemmerer}, Daniel and {Serenelli}, Aldo},
        title = "{The Future of Solar Neutrinos}",
      journal = {Annual Review of Nuclear and Particle Science},
     keywords = {solar neutrino, solar fusion, proton-proton chain, carbon-nitrogen-oxygen cycle, astrophysical S-factor, thermonuclear reaction rate, High Energy Physics - Phenomenology, Astrophysics - Solar and Stellar Astrophysics, High Energy Physics - Experiment, Nuclear Experiment},
         year = 2021,
        month = sep,
       volume = {71},
        pages = {491-528},
          doi = {10.1146/annurev-nucl-011921-061243},
archivePrefix = {arXiv},
       eprint = {2107.08613},
 primaryClass = {hep-ph},
       adsurl = {https://ui.adsabs.harvard.edu/abs/2021ARNPS..71..491O},
      adsnote = {Provided by the SAO/NASA Astrophysics Data System}
}

@ARTICLE{2022ApJ...938..110B,
       author = {{Brout}, Dillon and {Scolnic}, Dan and {Popovic}, Brodie and {Riess}, Adam G. and {Carr}, Anthony and {Zuntz}, Joe and {Kessler}, Rick and {Davis}, Tamara M. and {Hinton}, Samuel and {Jones}, David and {Kenworthy}, W. D'Arcy and {Peterson}, Erik R. and {Said}, Khaled and {Taylor}, Georgie and {Ali}, Noor and {Armstrong}, Patrick and {Charvu}, Pranav and {Dwomoh}, Arianna and {Meldorf}, Cole and {Palmese}, Antonella and {Qu}, Helen and {Rose}, Benjamin M. and {Sanchez}, Bruno and {Stubbs}, Christopher W. and {Vincenzi}, Maria and {Wood}, Charlotte M. and {Brown}, Peter J. and {Chen}, Rebecca and {Chambers}, Ken and {Coulter}, David A. and {Dai}, Mi and {Dimitriadis}, Georgios and {Filippenko}, Alexei V. and {Foley}, Ryan J. and {Jha}, Saurabh W. and {Kelsey}, Lisa and {Kirshner}, Robert P. and {M{\"o}ller}, Anais and {Muir}, Jessie and {Nadathur}, Seshadri and {Pan}, Yen-Chen and {Rest}, Armin and {Rojas-Bravo}, Cesar and {Sako}, Masao and {Siebert}, Matthew R. and {Smith}, Mat and {Stahl}, Benjamin E. and {Wiseman}, Phil},
        title = "{The Pantheon+ Analysis: Cosmological Constraints}",
      journal = {\apj},
     keywords = {Cosmology, Dark energy, Dark matter, Type Ia supernovae, Cosmological models, Expanding universe, 343, 351, 353, 1728, 337, 502, Astrophysics - Cosmology and Nongalactic Astrophysics},
         year = 2022,
        month = oct,
       volume = {938},
       number = {2},
          eid = {110},
        pages = {110},
          doi = {10.3847/1538-4357/ac8e04},
archivePrefix = {arXiv},
       eprint = {2202.04077},
 primaryClass = {astro-ph.CO},
       adsurl = {https://ui.adsabs.harvard.edu/abs/2022ApJ...938..110B},
      adsnote = {Provided by the SAO/NASA Astrophysics Data System}
}

@ARTICLE{2023A&A...674A...1G,
       author = {{Gaia Collaboration}},
        title = "{Gaia Data Release 3. Summary of the content and survey properties}",
      journal = {\aap},
     keywords = {techniques: photometric, techniques: spectroscopic, techniques: radial velocities, catalogs, astrometry, parallaxes, Astrophysics - Astrophysics of Galaxies},
         year = 2023,
        month = jun,
       volume = {674},
          eid = {A1},
        pages = {A1},
          doi = {10.1051/0004-6361/202243940},
archivePrefix = {arXiv},
       eprint = {2208.00211},
 primaryClass = {astro-ph.GA},
       adsurl = {https://ui.adsabs.harvard.edu/abs/2023A&A...674A...1G},
      adsnote = {Provided by the SAO/NASA Astrophysics Data System},
         note = {\adspdf[EPRINT]{2023A\&A...674A...1G}}
}

@ARTICLE{2023EPJC...83..971M,
       author = {{Maurin}, David and {Ahlers}, Markus and {Dembinski}, Hans and {Haungs}, Andreas and {Mangeard}, Pierre-Simon and {Melot}, Fr{\'e}d{\'e}ric and {Mertsch}, Philipp and {Wochele}, Doris and {Wochele}, J{\"u}rgen},
        title = "{A cosmic-ray database update: CRDB v4.1}",
      journal = {European Physical Journal C},
     keywords = {Astrophysics - High Energy Astrophysical Phenomena, Astrophysics - Instrumentation and Methods for Astrophysics, High Energy Physics - Experiment, High Energy Physics - Phenomenology},
         year = 2023,
        month = oct,
       volume = {83},
       number = {10},
          eid = {971},
        pages = {971},
          doi = {10.1140/epjc/s10052-023-12092-8},
archivePrefix = {arXiv},
       eprint = {2306.08901},
 primaryClass = {astro-ph.HE},
       adsurl = {https://ui.adsabs.harvard.edu/abs/2023EPJC...83..971M},
      adsnote = {Provided by the SAO/NASA Astrophysics Data System}
}

@ARTICLE{2023arXiv230712546B,
       author = {{Ballet}, J. and {Bruel}, P. and {Burnett}, T.~H. and {Lott}, B. and {The Fermi-LAT collaboration}},
        title = "{Fermi Large Area Telescope Fourth Source Catalog Data Release 4 (4FGL-DR4)}",
      journal = {arXiv e-prints},
     keywords = {Astrophysics - High Energy Astrophysical Phenomena},
         year = 2023,
        month = jul,
          eid = {arXiv:2307.12546},
        pages = {arXiv:2307.12546},
          doi = {10.48550/arXiv.2307.12546},
archivePrefix = {arXiv},
       eprint = {2307.12546},
 primaryClass = {astro-ph.HE},
       adsurl = {https://ui.adsabs.harvard.edu/abs/2023arXiv230712546B},
      adsnote = {Provided by the SAO/NASA Astrophysics Data System}
}
